5124 6398
1201 787 1256 873 29

328 1059 526 1118 summum
556 1034 704 1120 malum
734 1033 953 1146 oppugnari
984 1032 1131 1135 statuit,
1164 1034 1388 1120 definitione
1419 1043 1500 1119 tam
1530 1033 1608 1119 iate
1627 1041 1786 1146 patente
1816 1044 1860 1121 ut
1890 1034 2130 1124 indiuinum

223 1229 225 1234 ·
329 1176 502 1286 quidque
546 1179 672 1265 cedat.
742 1179 902 1265 Poterat
939 1177 1072 1264 sacelli
1106 1177 1237 1287 assyrii
1269 1177 1515 1291 anaglyphon
1560 1175 1631 1264 has
1671 1181 1853 1266 tenebras
1885 1179 2085 1268 dimouerc
2099 1180 2126 1285 ¹,

327 1320 480 1406 medius
513 1321 581 1406 ubi
612 1320 775 1430 erigitur
807 1347 924 1434 gryps
953 1321 1053 1407 rictu
1083 1321 1160 1409 oris
1196 1322 1319 1408 letum
1353 1323 1755 1434 appropinquantibus
1791 1322 1995 1428 minitans,
2034 1353 2125 1412 eum

326 1464 538 1552 insectatur
578 1497 601 1551 a
640 1468 778 1552 dextre
820 1469 917 1554 deus
956 1469 1163 1570 barbatus,
1211 1475 1392 1576 quattuor
1429 1465 1499 1550 alis
1535 1464 1756 1576 praeditus.
1797 1473 1963 1576 utraque
2007 1495 2126 1552 mauu

327 1608 474 1694 firlmen
512 1609 726 1696 trisulcum
754 1619 915 1712 teneus,
958 1611 1120 1697 dextera
1159 1611 1257 1696 illud
1302 1617 1435 1696 eontra
1476 1607 1642 1694 bestiam
1678 1607 1889 1694 immanem
1930 1609 2124 1712 iaculans:

326 1755 474 1864 pendet
505 1753 540 1838 ei
573 1754 623 1839 de
652 1781 789 1840 umero
819 1753 972 1842 balteus
1003 1783 1094 1841 cum
1123 1754 1267 1863 gladio,
1298 1785 1347 1841 ex
1378 1755 1517 1840 dextro
1548 1751 1709 1839 brachio
1740 1752 1890 1865 hsrpa²
1922 1763 2013 1867 epta
2043 1765 2124 1862 est3

325 1894 366 1982 in
397 1896 550 1984 sinistra
580 1906 690 2010 parte
723 1897 784 1983 uir
816 1899 945 1984 adstat
971 1900 1160 1986 barbatus
1192 1893 1306 2010 (rex),
1344 1899 1482 1984 dextra
1512 1895 1641 1983 leuata
1669 1907 1870 2007 tamquam
1901 1901 2123 2006 obsecrans,

327 2040 481 2128 sinistra
511 2071 666 2128 ramum
703 2070 793 2128 cum
822 2041 948 2130 tribus
977 2043 1138 2132 floribus
1170 2053 1330 2131 tenens:
1362 2042 1474 2128 facile
1511 2041 1648 2128 uideas
1680 2043 1817 2128 Iouem
1847 2043 2018 2154 aliquem
2050 2047 2124 2134 ful·

325 2185 578 2294 gemtorem³
610 2215 701 2272 cum
731 2188 845 2274 leone
876 2189 1055 2277 fabuloso
1083 2188 1179 2275 inire
1209 2215 1397 2300 pugnam.
1460 2187 1539 2274 Sed
1569 2184 1660 2271 uolo
1696 2211 1772 2293 ego
1805 2187 1861 2273 eis
1890 2215 2123 2274 mouumen-

325 2328 398 2430 tis,
441 2327 584 2436 quibus
623 2329 841 2415 litterarum
868 2331 937 2416 lux
965 2335 1143 2417 nondum
1172 2332 1396 2435 affimditur‚
1437 2332 1630 2418 illustrare
1662 2331 1838 2432 obscma,
1869 2359 1998 2443 neque
2028 2361 2123 2420 uero

325 2472 367 2556 id
405 2501 509 2559 nunc
551 2502 644 2559 curo
685 2501 784 2583 quae
826 2476 988 2587 pristina
1026 2478 1144 2564 tuerit
1186 2487 1225 2563 et
1267 2476 1463 2590 primitius
1500 2475 1717 2584 imaginum
1756 2473 1911 2562 illarum
1947 2477 2044 2564 ratio
2085 2487 2124 2564 et

326 2645 481 2718 sensus,
531 2620 602 2706 sed
632 2618 962 2729 acquiescendum
994 2623 1095 2708 duco
1125 2621 1157 2708 si
1187 2624 1424 2734 patefactum
1459 2619 1587 2722 buerit,
1634 2619 1741 2730 quid,
1773 2620 1886 2728 signa
1925 2621 1990 2707 ilia
2028 2625 2124 2710 dum

326 2762 447 2848 oculis
477 2772 678 2876 usurpant
710 2764 925 2852 sensissent
954 2762 1186 2854 Phoenices.

1193 3109 1255 3193 ΠΙ

423 3322 487 3408 Ad
507 3323 726 3410 Homerum
756 3327 889 3410 redeo.
944 3325 1010 3436 qui
1041 3334 1084 3411 ut
1114 3327 1378 3414 monumentis
1404 3326 1479 3414 iilis
1509 3327 1746 3432 inlustratur,
1780 3327 1836 3416 sic
1864 3329 2036 3416 uicissim
2067 3331 2123 3420 eis

304 3463 599 3575 ·intellegendis
638 3469 825 3582 proderit.
905 3469 1138 3573 Videamus,
1185 3471 1386 3580 egregiam
1429 3469 1721 3558 similitudinem
1775 3498 1852 3580 quo
1901 3475 2023 3559 modo
2068 3473 2125 3562 rei

324 3612 538 3697 narrandae
570 3621 686 3723 poeta
722 3613 928 3700 adhibeat:

323 3878 386 3943 tem
412 3878 590 3962 siguificare
611 3877 778 3944 Persarum
807 3897 912 3963 regem
940 3880 973 3944 in
995 3878 1171 3962 prouincias
1191 3879 1338 3946 subactas
1366 3869 1588 3944 dominantem'
1616 3879 1667 3960 (de
1696 3879 1798 3944 onmis
1820 3879 2122 3946 Achaemenidarum

324 3985 407 4069 Lips.
433 3985 514 4050 1855
535 4006 564 4070 p.
579 3987 624 4071 9).
667 3985 794 4070 Lajerdi
823 3987 886 4052 ima
908 3987 1038 4052 summis
1061 3986 1219 4052 miscentis
1245 3985 1494 4052 dissertationem
1521 3985 1659 4051 nondum
1680 3987 1768 4070 potui
1790 4007 1808 4053 a
1829 4006 1879 4052 me
1899 3989 2066 4070 impetrare
2086 3989 2123 4053 ut

323 4093 521 4178 perlegerem,
543 4095 602 4161 hoc
623 4114 721 4161 uuum
742 4095 841 4172 uideo,
864 4114 934 4160 eum
955 4095 995 4161 ed
1016 4095 1152 4161 siderum
1175 4095 1310 4162 rationes
1331 4096 1407 4161 haec
1427 4096 1540 4161 rotome
1552 4094 1694 4177 (caludo
1710 4095 1814 4162 Viaca
1824 4115 1853 4179 p.
1873 4098 1930 4162 191
1942 4101 2011 4181 su),
2030 4096 2123 4162 item-

323 4221 382 4286 que
399 4203 509 4270 ducem
531 4203 569 4268 de
590 4204 712 4289 Luyues
733 4224 818 4269 aum.
837 4205 891 4270 des
910 4209 988 4270 eutr.
1011 4223 1040 4286 p.
1058 4205 1108 4270 30.
1146 4223 1201 4270 uec
1224 4206 1325 4288 magis
1346 4223 1424 4270 sana
1444 4205 1517 4270 sunt
1539 4222 1618 4286 quae
1640 4203 1677 4270 de
1698 4203 1808 4288 Vogte
1830 4205 1996 4272 extricauit
2010 4205 2121 4286 joam.

323 4313 415 4378 catut.
442 4312 523 4377 1867
545 4312 660 4378 sor.VI
683 4311 790 4378 uotX
811 4332 840 4396 p.
855 4311 915 4377 147
927 4329 973 4395 sq.
997 4311 1079 4388 (mei.
1102 4311 1140 4378 de
1154 4311 1267 4394 philol.
1288 4333 1331 4379 or.
1354 4332 1383 4396 p.
1399 4313 1439 4378 63
1447 4313 1517 4397 sq.).
1550 4311 1765 4378 Raoul-Roch.
1788 4311 1867 4378 dixit
1888 4331 1925 4378 ea
1946 4312 1984 4379 de
2006 4332 2039 4378 re
2060 4314 2082 4379 l.
2097 4331 2121 4380 s.

322 4441 351 4505 p.
367 4423 485 4506 99sqq.

424 4531 455 4611 1)
478 4530 577 4596 edidit
600 4529 732 4614 Layerd.
756 4551 890 4596 meacm
914 4532 946 4596 II
967 4533 991 4598 t.
1008 4535 1038 4598 5.
1061 4532 1099 4597 de
1120 4531 1248 4616 gryphis
1270 4530 1368 4598 forma
1393 4530 1456 4596 dixi
1478 4550 1507 4613 p.
1524 4530 1552 4609 7,
1565 4531 1594 4596 2.

423 4639 457 4720 2)
480 4639 577 4722 harpa
600 4641 728 4706 maximi
750 4641 899 4708 momenti
919 4643 974 4708 est.
998 4641 1125 4725 perinde
1146 4641 1213 4708 Ioui
1234 4659 1305 4706 cum
1327 4639 1450 4723 bipenni
1472 4641 1602 4726 herpum
1624 4638 1738 4704 tribuit
1759 4655 1904 4704 nummus
1925 4657 2032 4705 serens
2053 4641 2120 4706 tur-

325 4749 424 4816 semis
446 4747 611 4830 (Miounet
635 4749 734 4816 deser.
757 4749 807 4814 III
827 4769 857 4833 p.
878 4751 939 4816 621
962 4770 992 4816 n.
1018 4749 1112 4832 400);
1133 4750 1167 4815 iu
1189 4748 1344 4816 Hadriani
1366 4769 1461 4816 aureo
1484 4751 1559 4816 item
1581 4747 1714 4815 tarsemi
1733 4747 1850 4832 aquila,
1873 4748 1909 4812 ut
1930 4747 2118 4816 sementiam

321 4857 400 4924 auti
423 4877 518 4942 supra
540 4858 623 4924 Iouis
646 4857 774 4938 fulmen,
797 4859 842 4926 sic
863 4859 931 4926 illic
951 4879 1046 4944 supra
1067 4859 1198 4942 harpam
1219 4858 1408 4942 conspicitur
1430 4859 1562 4940 (Miouu.
1586 4859 1606 4924 l.
1628 4876 1653 4924 s.
1676 4857 1934 4940 pessume).
1976 4857 2050 4924 hinc
2071 4857 2121 4924 iu·

321 4965 482 5051 tellegitur
511 4967 565 5051 qui
595 4967 742 5034 Perseum
772 4969 858 5036 urbis
887 4987 962 5036 sues
988 4969 1179 5036 conditorem
1202 4966 1369 5032 Tarsertsss
1397 4967 1542 5048 ducunt,
1578 4984 1670 5051 quem
1697 4965 1866 5050 posteriore
1896 4969 1999 5034 aetate
2023 4967 2120 5034 etiam

322 5075 458 5142 nummis
480 5076 689 5142 adhibuerunt
706 5075 805 5160 harpe
825 5077 1014 5144 instructum
1035 5077 1165 5160 (Mionu.
1189 5077 1211 5142 l.
1232 5094 1256 5143 s.
1277 5095 1306 5160 p.
1318 5077 1382 5141 623
1403 5077 1518 5141 u.417.
1540 5076 1602 5142 640
1624 5095 1654 5140 u.
1666 5075 1738 5141 510.
1761 5077 1824 5142 644
1845 5077 1947 5142 ussa
1967 5075 2119 5160 ampliora

321 5183 384 5250 VII
405 5201 434 5267 p.
448 5185 509 5250 286
530 5185 645 5252 usae.
670 5185 732 5252 289
755 5205 785 5252 u.
795 5185 881 5268 539).
903 5223 942 5232 -
966 5186 1018 5252 Ad
1039 5185 1168 5252 eandem
1189 5185 1286 5252 ieonis
1308 5184 1569 5269 significetionem
1592 5183 1742 5250 nonnulla
1763 5202 1798 5250 er
1820 5185 1864 5252 eis
1887 5203 2018 5269 quoque,
2040 5202 2120 5269 quse

327 5293 366 5360 A.
393 5293 433 5360 de
460 5293 650 5362 aneruatis
678 5296 729 5362 uir
757 5297 881 5364 subtilis
908 5296 1017 5362 iudicii
1041 5313 1139 5380 nuper
1165 5296 1204 5362 ds
1234 5296 1418 5380 populorum
1446 5295 1548 5362 ericae
1577 5293 1684 5376 stirpis
1712 5293 1828 5360 fabulis
1854 5293 1931 5360 scite
1956 5295 2119 5378 conposuit

322 5403 509 5488 (roolopa‘col
530 5406 655 5490 mptbol.
678 5407 712 5474 ΙΙ
732 5427 762 5491 p.
787 5409 847 5472 153
868 5425 936 5490 sqq.
959 5425 1038 5473 uere.
1060 5425 1144 5474 uem.
1167 5424 1196 5488 p.
1209 5404 1376 5490 458soq.)‚
1399 5405 1505 5472 referri
1525 5399 1646 5468 debent.

422 5515 456 5596 3)
479 5514 677 5599 Assyriorum
701 5516 841 5600 Iuppiter
862 5515 1040 5600 irrigarator
1062 5515 1166 5600 prodit
1186 5517 1283 5583 etiam
1305 5535 1354 5598 ap.
1378 5515 1450 5598 Lep.
1472 5514 1488 5578 I
1509 5516 1533 5578 t.
1549 5515 1589 5578 65
1613 5513 1706 5582 Place
1727 5517 1751 5580 t.
1766 5515 1817 5581 15.
