5124 6398
1185 755 1240 846 37

321 1001 464 1086 monui
506 1001 631 1112 patrio
666 1028 775 1086 more
812 1000 1087 1114 sepeliantur1.
1151 1007 1255 1112 quod
1296 1004 1329 1089 si
1368 1006 1430 1090 oui
1469 1006 1645 1091 euenerit
1684 1015 1728 1091 nt
1765 1005 1943 1114 legitimo
1983 1005 2120 1092 funere

321 1155 469 1247 eareat,
512 1149 676 1232 eredunt
713 1148 796 1232 iore
836 1155 879 1230 ut
919 1145 960 1230 in
1004 1143 1203 1233 horrenda
1238 1152 1370 1236 tartari
1410 1142 1522 1237 loea²
1561 1149 1786 1260 abripiatur.
1852 1147 1929 1234 hoe
1972 1149 2122 1236 malum

321 1289 526 1400 Antipatro
557 1289 674 1398 longe
706 1320 730 1375 a
761 1290 884 1401 patria
914 1291 1100 1376 defuneto
1126 1291 1369 1392 imminebat,
1403 1295 1477 1381 nisi
1512 1295 1719 1406 populares
1751 1293 1866 1402 eique
1898 1291 2123 1380 amicissimi

320 1433 547 1530 adfuissent,
587 1435 652 1544 qui
683 1435 738 1520 illi
776 1435 931 1520 inferias
971 1435 1044 1520 rite
1086 1437 1236 1524 darent.
1298 1442 1537 1526 factumest
1574 1437 1640 1524 ita.
1704 1447 1742 1523 at
1780 1436 2003 1548 opinionem
2031 1438 2121 1524 reli-

321 1575 473 1684 giosam
510 1586 548 1662 et
578 1578 812 1685 figmentum
843 1577 977 1685 imago
1007 1577 1214 1689 anaglyphi
1245 1580 1394 1690 prodit:
1427 1581 1595 1667 daemon
1626 1580 1732 1664 enim
1764 1579 1937 1666 salutifer
1966 1580 2123 1667 leonem

320 1719 376 1804 illi
419 1720 606 1806 infestum
645 1752 667 1806 a
707 1721 810 1806 leoto
848 1721 1003 1806 funebri
1044 1723 1237 1834 propellit.
1298 1725 1361 1808 ain
1401 1724 1654 1810 manifestum
1699 1751 1805 1822 esse,
1848 1724 1948 1809 haee
1989 1724 2122 1833 imago

324 1863 419 1973 quid
451 1864 525 1950 sibi
558 1863 677 1950 uelitl
713 1865 898 1950 uidelicet
930 1866 1097 1951 bestiam
1127 1867 1320 1954 infamam
1350 1869 1521 1980 arripere
1553 1871 1795 1968 defunctum,
1827 1869 1939 1953 utin
1969 1867 2122 1978 gehen-

322 2036 414 2094 nam
445 2018 637 2120 asportet,
681 2012 851 2120 obstarex
870 2011 1033 2118 genium
1062 2011 1231 2115 bonum,
1277 2013 1343 2122 qui
1374 2022 1418 2097 ut
1448 2013 1606 2098 uinoere
1635 2012 1791 2098 leonem
1826 2013 1968 2123 possit,
2006 2014 2123 2100 funus

321 2155 370 2238 ab
400 2153 531 2240 amieis
570 2155 642 2239 rite
675 2165 852 2240 auratum
894 2154 1027 2240 elfioit.
1078 2154 1134 2241 sio
1164 2157 1376 2242 amisorum
1409 2169 1449 2243 et
1482 2156 1588 2265 genii
1624 2156 1718 2242 boni
1751 2157 1876 2242 offieia
1912 2167 2125 2268 potuertmt
2194 2227 2200 2238 .

324 2299 434 2407 quasi
472 2299 728 2384 oommisoeri.
790 2301 973 2384 Veterem
1004 2327 1054 2384 ex
1082 2299 1144 2387 his
1175 2303 1470 2413 persuasionem
1503 2329 1706 2410 emergere
1735 2302 1861 2387 uides.
1923 2330 2015 2388 narn
2045 2331 2124 2390 non

325 2443 452 2529 solnm
481 2443 696 2528 Herculem
736 2450 803 2528 aut
843 2442 1052 2554 Sisyphum
1090 2445 1257 2530 Mortem
1288 2445 1558 2556 perdomuisse
1596 2447 1811 2564 terebant,
1844 2445 1915 2530 sed
1953 2447 2003 2529 de
2043 2472 2123 2532 uno

322 2615 500 2696 quoque,
548 2588 615 2697 qui
649 2587 810 2697 quidem
838 2587 926 2698 pius
955 2615 1001 2672 ao
1038 2588 1163 2674 iustus
1199 2589 1382 2692 uixisset,
1432 2589 1666 2674 moribundo
1705 2615 1881 2699 pugnam
1912 2589 2126 2674 eredebant

327 2731 428 2816 inter
459 2731 605 2816 Oreum
640 2739 679 2816 et
710 2731 918 2817 caelestem
952 2733 1186 2818 daemonem
1216 2733 1317 2820 oriri.
1379 2733 1540 2820 Homini
1571 2732 1740 2818 animam
1768 2732 1902 2841 agenti
1939 2731 2123 2818 dicebant

322 2875 492 2961 Mortem
528 2878 580 2962 ad
611 2885 726 2987 eaput
767 2872 994 2964 adsisteret
1054 2875 1205 2962 ibidem
1236 2878 1359 2965 Orous
1395 2905 1549 2988 quoque
1580 2886 1648 2963 aut
1687 2878 1770 2964 eius
1800 2877 1987 2966 satellites
2017 2876 2123 2964 adsi·

323 3027 425 3108 stere
455 3021 636 3122 student,
669 3028 713 3104 ut
743 3019 912 3104 animam
941 3048 1009 3106 ore
1039 3030 1249 3107 exeuntem
1280 3021 1464 3133 arripiant
1495 3031 1533 3108 et
1562 3023 1750 3108 auferant.
1812 3021 1953 3130 quodsi
1984 3021 2124 3129 genius
2194 3025 2199 3036 '

316 3155 451 3251 bonus
483 3165 535 3248 ad
567 3173 683 3275 eaput
714 3164 930 3266 adstiterit,
976 3163 1024 3248 id.
1048 3162 1207 3273 signum
1237 3174 1318 3269 est,
1359 3167 1508 3287 uiotum
1538 3169 1588 3252 ab
1619 3163 1695 3253 hoo
1733 3176 1772 3251 et
1802 3165 2003 3278 repulsum
2036 3193 2123 3253 esse

324 3313 558 3396 daemonem
590 3311 749 3396 malum.
811 3311 879 3412 sie,
918 3311 994 3398 nisi
1025 3315 1130 3421 quod
1163 3313 1307 3399 diaboh
1338 3323 1377 3400 et
1416 3313 1547 3420 angeli
1575 3337 1750 3424 pugnam
1782 3319 1978 3416 statuunt,
2022 3311 2123 3398 Ger·

321 3456 428 3541 mani
470 3467 519 3541 et·
541 3456 632 3540 olim
663 3483 799 3541 omnes
838 3464 877 3540 et
909 3485 1014 3542 nuno
1045 3457 1211 3542 Palatini
1248 3458 1467 3569 superiores
1496 3455 1713 3564 Franoique
1757 3453 2015 3544 memorant4.
2065 3456 2123 3542 in·

323 3600 458 3712 didem
495 3609 630 3711 repeto
663 3602 769 3709 quod
803 3601 844 3685 in
875 3601 997 3686 Iliade
1030 3598 1222 3703 Achillea,
1266 3603 1361 3686 dnm
1391 3601 1559 3686 Patrocli
1598 3602 1766 3685 cadauer
1802 3603 1854 3686 ad
1884 3602 2001 3686 funus
2032 3627 2124 3711 por-

324 3753 446 3845 tatur,
492 3745 635 3829 mortui
665 3752 782 3856 eaput
811 3753 919 3830 tenet
948 3756 993 3830 ut
1022 3746 1279 3833 amicissimus
1310 3755 1350 3830 et
1380 3743 1785 3843 beneuolentissimus,
1824 3773 1943 3853 quem
1972 3771 2123 3830 morem

322 3891 428 3999 apud
460 3889 624 3973 Lindius
655 3887 824 3973 ualuisse
855 3890 1021 3973 traditur
1031 3885 1059 3973 ⁵.

429 4179 459 4251 1)
482 4195 516 4242 er
539 4176 652 4260 bybliis
674 4178 787 4242 nubem
807 4178 1014 4260 exemplorum
1037 4181 1168 4244 corrasit
1191 4180 1225 4244 F.
1248 4178 1425 4254 Boettcher,
1448 4177 1486 4242 de
1508 4177 1615 4242 inferis
1638 4176 1652 4241 Ι
1675 4195 1703 4260 p.
1718 4176 1769 4241 38.

424 4285 457 4366 2)
480 4284 517 4349 de
537 4287 659 4350 tartaro
692 4283 814 4366 (scheol,
847 4289 952 4368 postea
977 4283 1152 4371 gosnam,
1183 4285 1313 4366 Ιὲεννα)
1345 4287 1382 4352 ol.
1403 4287 1570 4352 Boettcher
1591 4286 1613 4350 l.
1636 4305 1660 4350 s.
1683 4306 1712 4369 p.
1728 4287 1769 4350 64
1780 4303 1847 4369 sqq.
1878 4283 1950 4348 Vid.
1973 4282 2124 4350 Philode

323 4395 568 4462 execrationibus
589 4396 609 4458 6
631 4413 661 4477 p.
676 4395 738 4460 934
771 4391 838 4460 ὁδ’
936 4389 1178 4482 innovationem
1205 4389 1382 4460 κατωτάτω
1407 4389 1492 4476 πρὸς
1512 4384 1612 4458 αὐτὸν
1632 4389 1793 4476 τάρταρον
1818 4392 1873 4457 καὶ
1892 4386 1983 4472 βαθὺ
2005 4385 2125 4471 σκότος

324 4499 480 4583 ἐνεχθείς,
505 4503 557 4569 uhi
579 4501 663 4567 sedes
685 4504 718 4567 in
741 4504 835 4582 eaelo,
859 4505 927 4586 piae
950 4505 1034 4570 uitae
1055 4523 1171 4570 meroes
1193 4505 1367 4588 opponitur,
1390 4505 1426 4568 ut
1447 4523 1466 4568 a
1489 4503 1617 4586 Iosepho
1640 4502 1761 4585 antiqu.
1783 4501 1891 4566 XVlII
1915 4502 1942 4580 1,
1960 4501 1981 4565 3
2004 4501 2046 4566 al.

423 4615 457 4694 3)
479 4611 641 4677 Lueretius
663 4612 795 4678 111959
831 4619 860 4678 et
885 4633 941 4678 aar
968 4615 1114 4695 maarai
1140 4633 1224 4680 asora
1251 4614 1295 4680 od
1321 4619 1415 4696 capud
1441 4613 1565 4678 actstitit
1592 4617 1672 4688 aare,
1712 4631 1806 4694 quom
1835 4617 1925 4678 solur
1952 4631 1990 4676 oe
2006 4603 2125 4692 plasto

321 4724 427 4806 possis
448 4721 605 4788 draoedera
628 4741 744 4787 rerum.

422 4831 457 4912 4)
481 4831 520 4896 ol.
540 4831 567 4896 I.
590 4830 762 4897 Grimmius
791 4831 886 4915 myth.
908 4853 1004 4914 pann.
1028 4851 1057 4914 p.
1073 4832 1135 4897 796
1144 4852 1190 4916 sq.
1225 4833 1308 4899 Add.
1326 4834 1360 4898 F.
1378 4831 1590 4910 Sehdnwerth,
1619 4849 1679 4896 aaa
1700 4830 1756 4896 der
1776 4829 1945 4912 Oberpfula
1966 4829 1982 4894 Ι
2004 4847 2033 4911 p.
2046 4829 2125 4893 243:

323 4944 375 5008 rin
402 4941 549 5026 poldanea
578 4941 807 5023 soantoyaltind
832 4939 910 5006 steht
940 4941 1020 5006 baim
1046 4942 1168 5007 dabar
1190 4942 1248 5025 [se.
1270 4943 1333 5009 alio
1357 4942 1491 5027 quodam
1515 4940 1681 5022 moriente]
1712 4939 1774 5005 den
1800 4939 1914 5021 tom
1936 4939 1991 5004 das
2019 4935 2125 5021 erryela

323 5051 391 5118 aad
412 5051 466 5116 dea
486 5049 596 5131 lassata
612 5070 667 5115 um
688 5050 740 5116 die
758 5049 846 5116 seete.
875 5049 1039 5133 bebauptet
1060 5051 1117 5116 der
1138 5051 1227 5136 θηρσί
1247 5053 1354 5118 seim
1369 5051 1463 5134 plats
1483 5071 1524 5115 au
1544 5049 1690 5132 saepen,
1715 5068 1749 5115 ao
1769 5050 1848 5116 dett
1869 5069 1901 5115 ea
1922 5055 1979 5132 out
2000 5068 2054 5113 om
2074 5047 2127 5114 dio

322 5161 410 5228 neele.
431 5160 583 5226 addrmd
605 5161 704 5226 dieses
725 5160 865 5241 temptes
892 5159 968 5225 rollt
992 5161 1063 5226 &m
1089 5160 1272 5227 daemoes
1296 5161 1353 5226 der
1378 5159 1615 5244 anystodrweiss
1635 5159 1672 5223 ia
1692 5179 1821 5242 pressea
1842 5158 1966 5240 tropfea
1986 5177 2047 5222 noa
2068 5157 2126 5223 dar

323 5271 431 5338 stime.
476 5269 609 5336 similem
631 5269 674 5335 eis
696 5269 750 5352 qui
771 5268 821 5336 dle
844 5269 1001 5336 uomina
1028 5271 1096 5335 nati
1124 5271 1188 5336 sint
1211 5271 1324 5336 l'ranei
1347 5271 1411 5336 uim
1433 5270 1585 5348 tribuunt,
1618 5269 1657 5334 ol.
1681 5269 1720 5333 A.
1744 5267 1885 5348 Wuttha,
1905 5268 1963 5334 der
1983 5265 2127 5333 demach

326 5377 600 5462 sollonberylaobe
624 5377 684 5456 (ed.
700 5379 745 5461 Il)
768 5399 797 5462 p.
808 5380 888 5444 429:
917 5379 963 5445 sie
981 5379 1074 5446 aaa
1096 5380 1157 5446 dea
1178 5380 1232 5446 tod
1254 5399 1306 5445 am
1330 5377 1482 5461 topfeadr
1500 5377 1601 5443 atses
1622 5377 1672 5444 ala
1691 5376 1824 5442 atatem
1844 5374 2062 5442 todesretctea.

429 5489 462 5567 5)
488 5489 521 5550 Ψ
534 5487 594 5551 136
609 5485 733 5552 ὄπιθεν
745 5484 780 5552 δὲ
794 5480 877 5572 κάρη
893 5482 946 5567 ἔχε
961 5486 1034 5564 δῖος
1053 5479 1216 5568 Ἀχιλλεύς
1237 5476 1430 5568 ἀχνύμενος·
1453 5481 1569 5568 ἕταρον
1591 5481 1650 5570 γὰρ
1669 5475 1820 5569 ἀμύμονα
1839 5482 1945 5565 πέμπ’
1959 5471 2126 5566 ’'Arddgda,
