5124 6398
1223 709 1250 795 3

339 959 503 1048 Carolus
538 959 766 1046 Ludouious
796 957 947 1066 Kayser
975 956 1037 1042 uir
1067 956 1344 1064 sagacissimus
1383 967 1424 1043 et
1454 958 1504 1041 de
1535 956 1709 1042 Homero
1739 954 2012 1042 meritissimus
2048 954 2141 1042 olim

339 1105 511 1194 docut1.
562 1105 623 1188 Ne
657 1103 698 1188 in
733 1101 860 1214 priore
901 1101 1060 1209 quidem
1096 1111 1206 1212 parte
1245 1101 1555 1212 interpolationis
1585 1100 1812 1186 temerariae
1845 1101 1987 1184 desunt
2018 1101 2142 1186 uesti-

338 1249 415 1358 gia,
444 1279 468 1333 a
494 1245 748 1336 Lachmanno
778 1245 940 1354 aliisque
963 1245 1153 1332 delectui.
1185 1247 1258 1332 sed
1287 1245 1519 1356 relinquitur
1549 1255 1682 1330 tamen
1711 1271 1881 1346 carmen,
1912 1244 1987 1328 nisi
2015 1244 2139 1346 fallor,

337 1421 461 1504 paene
493 1393 692 1499 iutegrum
724 1401 764 1476 et
793 1389 908 1500 plane
940 1388 1159 1496 egregium,
1193 1391 1300 1500 quod
1328 1391 1461 1498 legere
1496 1417 1576 1476 non
1606 1388 1733 1500 possis
1764 1387 1860 1498 quin
1891 1398 2014 1474 artem
2044 1415 2140 1498 poe·

337 1549 403 1624 tae
434 1547 472 1622 et
503 1565 548 1622 os
587 1535 800 1622 rotundum
843 1561 888 1620 ao
918 1559 1062 1640 magna
1102 1562 1245 1622 sonans
1283 1534 1499 1622 admireris.
1562 1531 1683 1620 Ouios
1714 1543 1757 1619 ut
1795 1561 1989 1618 summam
2028 1533 2142 1618 breui

339 1678 685 1792 eomprehendam,
727 1687 839 1764 atrox
876 1677 930 1761 ibi
962 1676 1077 1763 unius
1119 1678 1198 1764 diei
1228 1703 1361 1790 pugna
1393 1678 1640 1777 describitur,
1680 1679 1721 1762 in
1754 1706 1830 1788 qua
1861 1689 1940 1764 tam
1971 1677 2141 1785 gloriosa

338 1827 585 1934 Agamemno
616 1822 853 1910 fortitudinis
885 1822 1098 1934 specimina
1129 1823 1223 1926 edit,
1256 1833 1299 1908 111
1329 1851 1473 1909 1101111111
1493 1837 1755 1932 Ἀγαμέμνονος
1785 1835 1959 1931 ἀριστεία
1980 1823 2140 1908 carmini

340 1969 568 2081 impositum
598 1967 659 2060 sit.
693 1996 770 2078 quo
802 1967 901 2052 duce
932 1967 1107 2052 futurum
1138 1977 1220 2052 erat
1251 1979 1295 2054 ut
1326 1969 1427 2054 intra
1457 1967 1542 2079 ipsa
1574 1967 1729 2052 moenia
1759 1967 1915 2052 Troiani
1948 1995 2141 2076 cogeren-

339 2125 414 2214 tur,
446 2113 521 2198 nisi
553 2111 728 2223 Iuppiter
759 2111 871 2198 aliter
902 2111 1154 2198 decreuisset.
1185 2112 1318 2220 itaque
1338 2111 1637 2218 Agamemnone
1656 2108 1862 2194 uulnerato
1893 2119 1932 2195 et
1952 2109 1994 2194 in
2014 2123 2142 2198 castra

338 2267 497 2344 reuecto
527 2254 677 2342 Achaei
719 2255 798 2340 iam
835 2257 1004 2342 aduerso
1045 2267 1170 2341 marte
1209 2265 1386 2368 pugnant
1418 2254 1660 2364 Hectorique
1692 2253 1798 2340 Iouis
1834 2254 1970 2340 nuntio
2002 2255 2140 2342 fidenti

339 2400 599 2509 ferociterque
629 2399 821 2510 pugnanti
852 2398 1033 2484 resistere
1063 2401 1130 2484 uix
1162 2399 1307 2485 ualent.
1357 2399 1399 2484 in
1427 2397 1504 2483 hoo
1536 2397 1709 2509 periculo
1741 2398 1906 2483 salutem
1938 2399 2140 2486 sodalibus

340 2544 555 2628 Diomedes
584 2554 623 2626 et
646 2541 776 2626 Vlixes
806 2543 908 2627 ferre
937 2541 1134 2640 uidentur,
1166 2572 1236 2654 par
1267 2542 1553 2630 nobilissimum
1571 2553 1848 2654 pugnatorum.
1881 2553 1999 2651 atque
2022 2545 2140 2630 allicit

339 2713 433 2772 sane
463 2685 691 2784 Diomedes,
721 2693 767 2768 ut
795 2682 863 2768 teli
893 2682 973 2769 ictu
1002 2685 1180 2796 torpidus
1210 2689 1358 2774 Hector
1387 2688 1558 2773 recedat.
1588 2689 1659 2774 sed
1689 2715 1781 2773 mox
1812 2689 1895 2798 ipse
1928 2688 2139 2774 Alexandri

341 2829 484 2938 sagitta
527 2829 657 2914 laesus
702 2840 827 2914 castra
858 2829 1020 2941 repetit:
1082 2829 1214 2916 Vlixes
1254 2832 1484 2918 alboiauis
1525 2831 1674 2918 cinctus
1717 2831 1892 2941 undique
1936 2833 2139 2944 premitur,

343 2977 469 3062 donec
503 2973 659 3061 saucius
690 2973 878 3058 auxilium
909 2999 1054 3081 magna
1083 3002 1182 3060 uoce
1213 2976 1403 3087 implorat.
1442 2976 1577 3062 audita
1607 3005 1705 3062 uoce
1734 2976 1937 3064 Menelaus
1971 2989 2009 3062 et
2040 2977 2139 3064 Aiax

255 3103 259 3113 ¹
339 3129 583 3206 succurrunt.
640 3120 711 3202 sed
750 3120 845 3202 dum
876 3117 1080 3204 Menelaus
1119 3117 1161 3202 id
1190 3120 1274 3228 agit
1310 3130 1354 3205 ut
1384 3120 1538 3207 Vlixem
1574 3148 1623 3206 ex
1656 3124 1771 3208 turba
1810 3123 1991 3224 deducat,
2040 3122 2140 3208 Aiax

340 3264 446 3350 solus
476 3263 666 3375 impeturn
696 3262 951 3348 Iroiauorum
983 3263 1147 3350 sustinet
1179 3274 1218 3349 et
1250 3265 1428 3374 quamuis
1460 3265 1612 3352 sortiter
1641 3276 1805 3377 pugnet,
1840 3266 1987 3352 sensim
2015 3268 2140 3378 pede-

340 3408 612 3519 temptimque,
657 3417 700 3492 ut
737 3409 909 3507 recedat,
949 3407 1112 3514 cogitur.
1179 3408 1347 3518 Reliqua
1391 3437 1467 3519 qua
1496 3409 1646 3494 ratione
1676 3421 1794 3521 poeta
1830 3421 2039 3498 exsecutus
2075 3414 2138 3517 sit,

339 3553 532 3638 incertum
563 3551 656 3638 erit:
688 3550 840 3636 facilius
870 3549 947 3636 hoc
976 3561 1035 3636 est
1066 3551 1278 3653 intellectu,
1306 3553 1497 3665 promissa
1524 3555 1629 3640 Iouis
1662 3550 1716 3664 (u.
1741 3557 1821 3640 191
1842 3555 1944 3665 sqq.)
1977 3557 2140 3669 impleta

342 3692 383 3779 h.
415 3723 449 3780 e.
484 3695 656 3780 Graecos
685 3695 736 3778 ad
767 3691 860 3780 solis
891 3721 1073 3778 occasum
1108 3693 1210 3779 intra
1241 3725 1363 3782 naues
1403 3699 1626 3810 compulsos
1655 3701 1775 3786 finem
1814 3702 1975 3786 carmini
2005 3703 2136 3790 Arisse.

441 3837 702 3926 Viuidissimis
731 3837 773 3922 id
804 3864 961 3921 carmen
982 3836 1177 3923 coloribus
1199 3836 1463 3950 distinguitur,
1497 3853 1541 3928 ut
1560 3844 1834 3930 florentissima
1853 3846 1982 3957 poesis
2003 3847 2137 3958 opicae

339 4079 637 4090 -——.-—.-——-

441 4239 473 4315 1)
497 4239 530 4302 in
557 4236 774 4302 dissertatione
802 4237 840 4302 de
867 4236 1087 4318 interpolatore
1115 4236 1269 4302 homerico
1295 4235 1521 4320 Heidelbergae
1549 4255 1578 4302 a.
1600 4237 1630 4301 h.
1661 4256 1740 4303 saec.
1768 4237 1856 4302 XLII
1885 4239 1969 4306 edila
1997 4259 2025 4322 p.
2042 4241 2072 4305 8.
2098 4243 2137 4306 10

340 4349 378 4415 cl.
393 4349 432 4413 14
441 4367 484 4431 sq.
508 4348 548 4412 18
556 4366 622 4430 sqq.
646 4347 696 4410 27.
720 4345 863 4412 Ceterum
885 4345 1086 4410 manifestum
1107 4345 1154 4410 ast
1176 4346 1208 4409 in
1223 4364 1254 4409 u.
1266 4345 1431 4409 670-761
1455 4345 1708 4428 interpolatorem
1731 4349 1867 4412 carmine
1889 4349 2023 4430 quodam
2045 4369 2136 4416 usum

340 4477 413 4537 asse,
436 4460 468 4524 in
492 4475 553 4540 quo
575 4455 736 4540 Pyliorum
759 4457 790 4520 et
812 4455 965 4537 Ilpeorurn
987 4453 1069 4520 bella
1091 4455 1313 4520 narrabantur:
1337 4453 1420 4535 quod
1443 4455 1593 4536 quoniam
1615 4473 1644 4520 u.
1661 4455 1722 4520 698
1734 4474 1800 4538 sqq.
1824 4455 2049 4540 quadrigarum
2072 4477 2138 4524 cer·

339 4565 461 4631 taurina
483 4564 572 4629 nouit
594 4562 634 4627 ol.
649 4561 740 4627 XXV
762 4562 896 4640 domum,
928 4564 963 4626 ut
984 4561 1084 4626 Iulius
1104 4561 1272 4626 Africanus
1293 4563 1355 4644 p.9
1376 4561 1537 4646 Rutgersii
1558 4564 1589 4627 et
1610 4562 1783 4630 Pausanias
1805 4565 1878 4642 V8,
1896 4566 1913 4629 7
1935 4567 2029 4632 testas
2051 4570 2136 4646 sunt,

341 4673 503 4760 Olympiae
532 4672 677 4750 admissa,
711 4689 774 4736 non
803 4671 940 4754 potuisse
967 4671 1026 4734 nisi
1057 4671 1128 4753 post
1156 4689 1224 4736 eam
1254 4671 1389 4736 aetatem
1421 4671 1506 4737 nasci
1535 4671 1574 4736 A.
1598 4671 1808 4738 Mommsenus
1829 4672 1987 4757 Philologi
2009 4676 2032 4739 t.
2059 4676 2137 4742 VIII

341 4805 370 4868 p.
387 4785 446 4850 721
459 4803 525 4866 sqq.
557 4782 736 4848 acutissIme
763 4781 949 4847 obseruauit.
983 4781 1035 4846 sed
1066 4781 1148 4846 idem
1171 4780 1253 4863 quod
1278 4782 1317 4846 ob
1338 4799 1406 4846 eam
1434 4781 1567 4846 maxime
1590 4800 1718 4847 causam
1739 4783 1771 4846 in
1795 4783 1937 4848 Nestoris
1959 4785 2138 4852 narratione

340 4893 534 4960 diuersorum
548 4891 720 4956 carminum
737 4890 870 4973 uesttgia
886 4890 1069 4973 deprendere
1084 4889 1144 4954 sibi
1159 4891 1244 4954 uisus
1261 4889 1317 4968 cst,
1335 4889 1522 4971 antiquioris
1540 4907 1569 4954 u.
1585 4890 1644 4954 711
1656 4909 1734 4974 sqq,
1758 4891 1938 4956 recentioris
1951 4892 2135 4977 u.670sqq.‚

341 5001 484 5068 assentIri
514 5000 542 5065 ei
564 5017 692 5082 nequeo.
724 5017 796 5064 nam
821 4999 856 5062 ut
878 4997 1049 5081 quadrigae
1075 4997 1266 5076 memorIam,
1299 4999 1343 5062 sic
1365 4998 1463 5063 Illidis
1485 5018 1607 5083 quoquc
1632 5002 1662 5064 et
1684 5000 1828 5065 Eleorum
1850 5019 1962 5068 nomen
1982 5003 2136 5067 recentius

339 5109 527 5194 rhapsodum
550 5128 607 5191 par
628 5109 675 5172 ast
696 5105 860 5171 uetustiori
887 5106 1059 5171 narrationi
1082 5106 1186 5188 epicac
1205 5106 1359 5186 intulisse,
1392 5109 1505 5191 quippe
1533 5109 1588 5190 qui
1618 5109 1758 5193 eclogam
1785 5108 1874 5174 illam
1903 5129 1973 5176 cum
1995 5111 2137 5177 Nestoris

341 5218 475 5284 orationi
497 5215 676 5283 dilatandae
697 5214 852 5291 insereret,
875 5232 929 5296 pro
953 5233 1026 5279 suae
1047 5213 1161 5280 aetatis
1183 5215 1361 5282 condIcione
1382 5219 1531 5283 mutaret.

439 5329 475 5408 2)
497 5325 536 5391 cl.
559 5325 680 5408 praeter
701 5323 935 5389 Lachmaunum
966 5321 1221 5406 (betracbtanpea
1248 5323 1324 5389 aiter
1344 5323 1480 5392 Habere
1500 5325 1583 5391 Ilios
1603 5346 1632 5409 p.
1650 5327 1690 5392 37
1708 5329 1791 5412 sqq.)
1819 5327 1923 5394 Wold.
1949 5327 2135 5394 Ribbeckius

340 5437 373 5502 in
395 5433 583 5502 Fleckeissni
605 5432 711 5500 annali
735 5433 816 5498 1862
837 5450 866 5514 p.
881 5433 922 5496 82
933 5451 1000 5516 sqq.
