5124 6398
1312 757 1365 844 18

439 1001 581 1089 sedin
612 1003 698 1090 eius
730 1003 887 1115 parietis
916 1030 986 1114 par
1019 1029 1137 1111 quem
1168 1003 1373 1089 intraueris
1409 1003 1568 1112 fastigio
1599 1004 1786 1113 tigridem
1815 1031 1865 1090 ex
1893 1010 2060 1113 utroque
2096 1000 2242 1110 angulo

438 1173 667 1259 procurrere
698 1147 847 1233 uideas.
889 1147 930 1232 in
962 1145 1124 1255 egregia
1159 1147 1254 1232 uero
1293 1147 1391 1232 cella
1423 1174 1523 1256 quae
1562 1148 1718 1257 abigis
1755 1156 1919 1234 uocatur
1958 1146 2085 1234 omnis
2123 1146 2244 1234 moris

437 1291 586 1402 antiqui
616 1292 805 1378 memoria
837 1292 996 1378 euanuit
1033 1291 1196 1378 sublatis
1231 1292 1349 1379 etiam
1380 1295 1430 1379 de
1460 1292 1593 1378 medio
1623 1300 1806 1402 tympano
1836 1289 2076 1377 ornamentis
2107 1288 2242 1386 solitis,

439 1436 541 1522 laeto
573 1437 678 1522 enim
713 1435 895 1522 conuiuio
935 1444 1061 1522 toturn
1107 1436 1266 1547 parietis
1310 1436 1512 1544 fastigium
1548 1435 1766 1546 completur
1781 1431 1808 1519 ¹.
1867 1435 1951 1520 Nec
1991 1444 2123 1521 tamen
2158 1459 2243 1518 mos

439 1580 504 1666 ille
538 1582 587 1665 ab
623 1579 802 1666 Etruscis
836 1579 991 1691 penitus
1026 1580 1196 1667 abolitus
1227 1591 1298 1668 est.
1342 1610 1435 1665 nam
1466 1588 1674 1691 postquam
1704 1577 1970 1690 sarcophagos
2001 1577 2243 1688 sculptomm

392 1777 396 1786 ·
439 1751 502 1810 ars
532 1725 775 1833 distinguere
808 1725 946 1833 liguris
980 1724 1120 1835 coepit,
1156 1724 1325 1810 maxime
1360 1724 1482 1811 latera
1517 1751 1654 1811 ornare
1689 1723 1793 1810 illius
1828 1721 1985 1832 generis
2012 1720 2243 1832 anaglyphis

438 1868 596 1982 placuit.
636 1869 730 1956 satis
765 1869 837 1955 erit
870 1870 948 1954 duo
982 1877 1242 1956 monumenta
1277 1877 1431 1955 etrusca
1464 1869 1671 1967 indicasse,
1707 1865 1997 1978 sarcophagum
2027 1864 2243 1953 Polimartii

441 2021 652 2126 repertum,
702 2013 743 2098 in
781 2013 891 2099 cuius
930 2023 1098 2122 utroque
1137 2013 1260 2099 latera
1304 2041 1444 2100 ceruus
1482 2011 1547 2100 hic
1587 2043 1610 2098 a
1647 2011 1796 2124 grypho
1837 2021 1877 2098 et
1913 2012 2062 2112 leaena,
2113 2009 2245 2095 illico

439 2157 586 2243 leaenis
618 2159 771 2244 duabus
801 2157 980 2269 diripitur
991 2152 1020 2248 ²,
1065 2167 1105 2244 et
1135 2156 1370 2261 uolcentem,
1411 2159 1453 2242 in
1484 2184 1561 2266 quo
1595 2149 1685 2243 oum
1713 2167 1847 2243 taurus
1878 2187 1901 2241 a
1933 2154 2114 2241 leonibus
2144 2155 2243 2238 duo-

440 2301 527 2403 bus,
570 2310 657 2387 tum
696 2329 820 2411 equus
834 2317 874 2386 'a
905 2302 1069 2387 totidem
1108 2300 1323 2413 gryphibus
1361 2297 1562 2389 laniabrr³.
1624 2303 1771 2388 Refero
1810 2299 1890 2386 huc
1930 2301 2045 2386 aliam
2088 2327 2243 2408 quoque

440 2444 653 2552 imaginem
690 2444 898 2548 diuersam,
947 2473 1045 2554 quae
1084 2446 1125 2530 in
1162 2446 1270 2533 urnis
1311 2447 1505 2534 cinerariis
1542 2447 1735 2558 perusinis
1773 2446 1956 2547 uariatm,
2000 2442 2182 2531 homines
2222 2472 2246 2527 a

440 2587 657 2700 gryphibus
685 2588 896 2700 impetitos.
960 2589 1002 2675 in
1031 2589 1104 2674 alia
1134 2589 1265 2674 uirum
1296 2591 1504 2675 barbatum
1541 2600 1580 2675 et
1611 2589 1826 2675 tunicatum
1865 2616 1981 2699 grypo
2012 2584 2243 2696 aggreditur

441 2733 520 2820 iam
548 2730 660 2818 humi
690 2726 925 2834 deieotmu4,
958 2733 1000 2816 in
1028 2733 1103 2818 alia
1122 2733 1364 2819 Amazonem
1394 2761 1480 2820 esse
1513 2761 1611 2842 quae
1641 2763 1664 2817 a
1694 2732 1843 2844 gryphe
1875 2731 2116 2843 opprimatur
2139 2729 2245 2841 pelta

440 2874 584 2960 indicio
615 2871 725 2978 cst⁶;
772 2873 967 2975 intertia,
1014 2873 1088 2960 nisi
1124 2875 1247 2976 lallor,
1295 2877 1523 2989 Arimaspus
1552 2877 1669 2988 pilleo
1702 2877 1857 2986 qualem
1889 2875 2070 2962 Castores
2102 2883 2244 2983 gamot

441 3028 581 3121 tectus,
625 3021 763 3106 dextra
802 3027 913 3105 scuto
949 3018 1110 3121 munita,
1153 3019 1307 3106 sinistra
1342 3051 1436 3108 saxo
1473 3022 1599 3109 innisa
1639 3021 1762 3133 letum
1801 3019 2004 3132 agryphe
2041 3019 2243 3106 adsiliente

442 3172 655 3275 exspectat,
694 3165 790 3248 dum
821 3172 909 3274 post
938 3173 1096 3272 tergum
1126 3162 1275 3251 bestiae
1308 3165 1443 3255 similis
1474 3194 1642 3279 persona
1671 3168 1820 3253 accedit
1849 3195 1966 3279 opem
1997 3166 2052 3251 illi
2082 3161 2242 3251 latura⁶.

542 3306 605 3390 Lx
633 3305 790 3390 Fltmria
831 3313 959 3390 aetate
997 3304 1278 3417 imperatorum
1320 3307 1384 3396 ille
1427 3310 1759 3424 sarcophagomm
1801 3318 1959 3397 ornatus
1998 3311 2049 3395 ad
2095 3321 2245 3396 ceteros

446 3477 602 3559 quoque
637 3449 755 3536 Italas
791 3449 950 3535 fluxisse
992 3449 1159 3536 uidetur.
1229 3479 1469 3563 permagnus
1510 3454 1616 3540 enim
1653 3465 1713 3540 cst
1750 3481 1939 3540 numerus
1976 3455 2246 3568 exemplomm

442 3593 640 3703 hodieque
677 3593 943 3704 superstitum.
1007 3619 1105 3702 quae
1144 3595 1274 3679 omnia
1315 3599 1482 3684 formam
1521 3601 1694 3710 produnt
1733 3598 1842 3683 labro
1873 3597 2063 3684 similem:
2118 3615 2247 3696 ληνοὺς

444 3737 587 3824 Graeci
616 3739 810 3822 uocabant
841 3739 1017 3847 adeoque
1048 3753 1201 3852 σκάφας
1221 3748 1288 3825 aut
1315 3757 1469 3841 πυέλους
1480 3745 1506 3826 ⁷.
1539 3743 1652 3848 Quod
1685 3743 1751 3851 qui
1781 3742 2006 3829 obseruauit
2036 3743 2097 3827 uir
2126 3743 2243 3851 longe

444 4068 507 4134 fuit
528 4069 560 4133 et
582 4069 677 4152 uulgo
699 4069 792 4134 arhor
811 4087 899 4134 sacra
922 4069 1054 4134 dicitur:
1075 4069 1163 4134 cuius
1183 4069 1322 4136 imitatio
1343 4068 1405 4133 dici
1430 4067 1537 4152 nequit
1558 4088 1652 4151 quam
1673 4068 1738 4134 late
1759 4069 1865 4150 pateat
1886 4069 1919 4134 in
1941 4072 2131 4136 ornamentis
2154 4091 2246 4136 uaso·

445 4195 515 4242 rum
537 4176 731 4258 aliarumque
753 4193 866 4240 rerum.
908 4174 941 4241 11
962 4174 1236 4258 Tarquiniensium
1256 4175 1380 4258 pictura
1401 4177 1567 4260 sepulcrali
1588 4177 1668 4242 illud
1696 4177 1797 4260 ipsum
1820 4196 1881 4242 non
1908 4179 2034 4244 memini
2057 4200 2106 4246 me
2131 4180 2245 4264 uidere,

444 4284 498 4351 sed
528 4283 630 4350 locum
660 4285 766 4350 tamen
797 4284 931 4369 uestigia
959 4285 1112 4368 quaedam
1143 4283 1293 4363 indicant,
1326 4287 1362 4350 ut
1392 4285 1423 4350 in
1452 4287 1511 4352 hcc
1539 4286 1679 4369 sepulcro
1707 4285 1807 4365 edera,
1841 4287 1873 4352 in
1901 4287 1980 4354 calla
2007 4289 2245 4372 inscriptionum

445 4392 554 4476 (supra
575 4395 666 4477 pli,
679 4394 713 4476 2)
732 4394 855 4460 leonum
879 4393 996 4459 caudae
1019 4393 1111 4459 modo
1133 4395 1200 4459 tam
1223 4393 1301 4458 miro
1322 4395 1355 4459 in
1377 4396 1551 4461 ornamenti
1572 4397 1703 4480 speciem
1727 4397 1924 4478 compositae.
1979 4409 1995 4422 ·

549 4501 579 4583 1)
601 4503 718 4580 Mioali,
739 4505 839 4569 storto
859 4504 882 4568 t.
899 4502 1043 4582 LXVIII,
1066 4504 1082 4567 1
1106 4524 1185 4569 mus.
1206 4509 1263 4569 etr.
1285 4504 1301 4569 1
1320 4504 1344 4567 1.
1357 4501 1399 4569 01
1429 4501 1678 4587 Stackclbergius
1709 4505 1739 4567 at
1762 4503 1931 4570 Kastnerus
1953 4506 1977 4570 t.
1995 4507 2037 4571 ll.
2059 4506 2113 4585 IV,
2147 4508 2186 4573 cf.
2209 4509 2246 4575 de

446 4631 482 4679 ea
505 4610 584 4678 cella
604 4613 775 4678 Kestncrus
798 4612 911 4680 annali
933 4611 1005 4679 dcll'
1026 4615 1100 4679 1111.
1125 4615 1207 4678 1829
1228 4634 1258 4697 p.
1277 4614 1336 4678 104
1346 4631 1413 4694 sqq.

547 4721 580 4800 2)
601 4739 683 4784 mon.
705 4718 777 4786 dcll’
798 4720 872 4784 inat.
892 4719 909 4784 Ι
929 4719 993 4786 tab.
1009 4719 1137 4798 XLII,7
1160 4721 1199 4786 cl.
1220 4719 1333 4786 abacti
1356 4721 1437 4785 1832
1458 4720 1519 4786 111.
1534 4719 1580 4784 IV
1601 4738 1631 4802 p.
1645 4721 1763 4802 28411.
1887 4781 1888 4786 ,

547 4829 580 4910 3)
602 4849 683 4894 moa.
705 4827 778 4894 dcll’
799 4829 872 4894 inat.
895 4827 971 4893 VlIl
993 4829 1017 4892 t.
1032 4828 1150 4894 XVIII.

546 4936 582 5019 4)
604 4937 809 5015 Concstabile,
831 4939 1024 5004 monumenti
1045 4939 1079 5005 da'
1102 4937 1246 5024 Peracta
1266 4940 1331 5006 tab.
1343 4939 1442 5016 XVII,
1455 4941 1486 5003 2.

544 5049 578 5130 5)
600 5048 683 5113 idem
706 5050 729 5112 t.
743 5047 870 5125 LXXX,
890 5049 916 5113 1.
950 5049 1144 5114 Amazonum
1172 5066 1242 5113 cum
1270 5049 1442 5133 gryphibus
1469 5067 1574 5131 pugna
1600 5048 1707 5114 fabula
1739 5050 1813 5114 nota
1843 5051 1899 5126 est,
1933 5049 1973 5114 of.
1999 5049 2152 5133 Walolrar,
2186 5051 2249 5116 alta

446 5157 628 5226 darbmo‘lcr
648 5157 680 5224 11
701 5177 730 5240 p.
744 5157 793 5224 78.
814 5157 894 5224 addo
915 5157 1084 5239 1111111111
1107 5156 1149 5221 dc
1169 5155 1332 5238 Boapbore
1352 5157 1453 5223 11111.
1474 5157 1498 5221 1.
1510 5155 1622 5237 LVIII,
1633 5159 1662 5224 2.
1791 5159 1827 5240 6)
1850 5156 1973 5224 Conest.
1995 5159 2021 5223 t.
2035 5157 2163 5236 LXXX,
2177 5161 2205 5224 2.

549 5268 583 5349 7)
604 5260 702 5354 ληνός
722 5267 755 5331 11
785 5267 888 5332 titulis
916 5265 1151 5332 Thessalonicae
1173 5265 1244 5334 oto
1272 5267 1364 5331 1993.
1395 5267 1602 5346 19791981,
1638 5259 1747 5350 σκάφη
1776 5266 1914 5332 Nicaeae
1944 5265 1977 5330 iu
2004 5266 2154 5351 BIthynia
2176 5267 2247 5334 CIG

447 5377 542 5456 3757,
564 5368 687 5452 πύελος
708 5369 908 5439 Nicomediae
930 5373 1000 5440 OIG
1023 5373 1116 5438 3777.
1137 5374 1230 5439 3785.
1255 5393 1290 5440 cx
1313 5374 1456 5440 formulis
1479 5373 1645 5440 titulorum
1668 5374 1962 5440 recalesceret
1983 5374 2150 5459 intellegas
2171 5377 2249 5442 satis

448 5503 580 5572 magnos
608 5483 664 5550 bos
686 5482 892 5566 sarcophagos
913 5483 1051 5565 potuIssa
1071 5501 1145 5562 esse,
1178 5483 1213 5548 ut
1235 5483 1338 5565 plures
1359 5483 1499 5549 homines
1518 5483 1624 5548 liceret
1647 5483 1753 5550 eodem
1774 5483 1913 5551 condere.
1947 5488 2054 5552 errant
2076 5486 2175 5570 igitur
2196 5487 2249 5569 qui
