5124 6398
1303 691 1358 778 32

531 941 809 1050 Vulgatissima
843 939 936 1027 olim
966 941 1041 1026 fuit
1072 942 1122 1024 de
1158 939 1258 1025 Orco
1301 940 1528 1051 depugnato
1572 941 1726 1044 fabula,
1773 970 1891 1052 quam
1928 951 2061 1030 tamen
2092 946 2234 1033 Graeci

389 1183 391 1188 ¹
430 1088 562 1174 nescio
594 1113 671 1195 que
700 1084 850 1170 inducti
878 1085 1028 1170 ratione
1058 1112 1243 1194 spernere
1270 1092 1473 1191 tamquam
1504 1082 1647 1170 anilem
1666 1094 1818 1170 mature
1840 1068 2066 1197 coepemnt.
2105 1091 2232 1178 Nemo

430 1257 523 1318 sane
544 1229 758 1314 Herculem
787 1228 912 1313 nescit
949 1255 1039 1312 curn
1061 1227 1187 1312 Morte
1218 1227 1431 1312 luctantem
1460 1234 1500 1311 et
1530 1235 1739 1334 cogentem
1768 1227 1809 1313 id
1841 1256 2000 1335 numen,
2041 1242 2087 1316 ut
2115 1234 2231 1321 Alce·

429 1375 574 1462 stidem
603 1376 794 1486 praedam
825 1373 973 1457 mittat:
1004 1371 1080 1458 hoc
1116 1381 1161 1456 ut
1189 1371 1318 1480 magis
1349 1371 1662 1482 peruulgaretur,
1699 1373 1862 1458 forsitan
1881 1375 2093 1488 Euripides
2125 1379 2231 1467 solus

429 1527 565 1607 auctor
601 1518 718 1604 luerit
733 1516 759 1602 ¹.
822 1519 893 1603 sed
924 1544 995 1627 pro
1039 1525 1148 1602 tanta
1185 1515 1407 1601 fabularum
1448 1516 1562 1628 copia
1600 1545 1646 1602 ac
1684 1519 1872 1604 uarietate
1911 1523 2087 1632 profecto
2128 1525 2231 1613 illius

429 1665 583 1750 fabulae
623 1661 853 1748 tenuissima
892 1660 1059 1768 uestigia
1101 1687 1224 1770 eaque
1261 1687 1458 1772 perpauca
1499 1661 1604 1771 apud
1648 1663 1820 1749 Graecos
1861 1667 1920 1749 fer
1974 1673 2049 1752 tur.
2118 1668 2230 1757 adest

428 1809 513 1896 eius
542 1808 737 1918 quaedam
765 1805 806 1890 in
836 1805 960 1892 Iliade
990 1805 1178 1891 memoria
1211 1809 1254 1890 Ε
1281 1805 1367 1890 395

828 1949 897 2030 τλῆ
923 1941 955 2017 δ’
982 1943 1101 2028 Ἀίδης
1129 1949 1166 2018 ἐν
1192 1955 1296 2016 τοῖσι
1321 1945 1490 2044 πελώριος
1517 1947 1609 2018 ὠκὺν
1636 1951 1779 2046 ὀιστόν,

826 2067 910 2144 εὖτέ
933 2098 997 2165 μιν
1023 2071 1138 2153 ὡύτὸς
1165 2073 1268 2166 ἀνήρ,
1295 2071 1372 2152 υἱὸς
1401 2070 1491 2153 Διὸς
1518 2073 1717 2170 αἰγιόχοιο,

825 2205 863 2270 ἐν
889 2192 1026 2292 Πύλῳ2
1053 2201 1091 2270 ἐν
1117 2200 1288 2268 νεκύεσσι
1313 2195 1437 2294 βαλὼν
1466 2194 1641 2299 ὀδύνῃσιν
1668 2193 1808 2296 ἔδωκεν,

428 2328 539 2415 cuius
569 2330 751 2415 facinoris
782 2327 955 2413 herculei
982 2327 1074 2412 alibi
1105 2355 1178 2412 nec
1208 2325 1297 2410 uola
1328 2353 1401 2410 neo
1432 2327 1660 2435 uestigium.
1707 2329 1851 2416 certius
1872 2332 1922 2414 de
1945 2328 2111 2443 Sisypho
2134 2360 2227 2419 con-

427 2481 515 2575 stat,
549 2501 666 2582 quem
698 2474 876 2558 ferebant
895 2473 1063 2558 Mortem
1095 2470 1169 2556 sibi
1199 2467 1456 2554 inminentem
1489 2472 1529 2555 in
1562 2473 1809 2558 tenacissima
1839 2474 1969 2558 uincla
1994 2476 2227 2564 coniecisse:

426 2616 490 2702 uel
531 2613 608 2702 hoc
648 2627 780 2702 tamen
818 2618 868 2701 ab
900 2643 979 2701 uno
1010 2612 1238 2723 Pherecyde
1271 2613 1456 2697 traditum
1494 2623 1553 2698 est
1568 2627 1596 2696 ³.
1670 2617 1776 2722 quod
1816 2615 1849 2700 si
1888 2617 2225 2727 perpenderimus,

425 2761 544 2847 etiam
571 2761 700 2847 minus
728 2759 968 2862 mirabimur,
1012 2761 1118 2868 quod
1160 2759 1196 2843 is
1227 2759 1276 2843 de
1308 2785 1385 2866 quo
1416 2757 1570 2866 agimus
1600 2758 1711 2844 locus
1742 2761 1843 2844 adeo
1873 2761 2115 2848 adulteratus
2151 2771 2225 2850 est.

524 2903 608 2986 lam
637 2900 733 2989 uero
765 2902 797 2988 si
827 2902 1099 2988 antecedentia
1133 2902 1453 3013 spectauerimus,
1485 2902 1602 2986 etiam
1631 2903 1720 3014 plus
1750 2903 1849 2988 lueri
1880 2903 2081 2994 iaciemus.
2125 2907 2225 2992 uidi·

423 3074 512 3133 mus
545 3073 662 3155 qnam
693 3047 884 3132 claudicet
912 3047 1009 3134 illud
1040 3046 1177 3133 simile.
1224 3049 1329 3132 ferae
1359 3047 1529 3134 minores
1562 3051 1720 3154 fugatae
1752 3078 1775 3132 a
1805 3048 1919 3134 leone
1951 3078 2114 3136 ceruum
2140 3051 2226 3164 ipso

424 3201 661 3304 occupante,
702 3193 777 3279 nisi
818 3199 855 3277 a'
878 3199 995 3303 poete
1029 3201 1122 3278 sunt
1159 3191 1290 3303 inepte
1328 3193 1497 3296 additae,
1542 3193 1721 3300 flagitant
1758 3203 1803 3278 ut
1843 3192 2017 3282 Troianis
2055 3195 2225 3282 disiectis

421 3338 546 3423 maior
578 3337 738 3447 quidam
769 3365 843 3422 nec
873 3336 1065 3423 euitabilis
1101 3333 1226 3422 hostis
1274 3337 1460 3422 succedat
1505 3363 1644 3422 manus
1682 3338 1850 3446 praedae
1891 3347 2019 3422 certae
2050 3337 2224 3424 iniciens.

422 3478 487 3567 hic
517 3481 582 3590 qui
613 3480 741 3580 fuerit,
778 3481 895 3566 etiam
925 3479 1110 3566 dubitasl
1161 3508 1211 3563 au
1247 3478 1366 3562 aliurn
1397 3480 1516 3566 fuisse
1549 3480 1727 3566 censebis
1764 3510 1883 3590 quam
1926 3482 2057 3584 illum,
2105 3511 2224 3592 quem

421 3624 520 3710 Aiax
551 3634 759 3735 postquam
790 3624 1024 3710 adcucurrit.
1056 3651 1149 3734 prae
1181 3623 1319 3710 ceteris
1355 3650 1567 3732 aggressus
1596 3625 1754 3735 ancipiti
1774 3652 1908 3736 pugna
1944 3630 2105 3712 tandem
2136 3627 2223 3713 uul-

422 3776 601 3854 neratum
635 3767 818 3878 depellitl
863 3767 1053 3855 Effecisse
1085 3764 1162 3853 hoc
1190 3766 1286 3851 mihi
1321 3767 1468 3868 uideor,
1505 3778 1547 3852 ut
1573 3767 1689 3879 plane
1709 3768 1958 3876 intellegatur
1987 3797 2065 3854 non
2096 3771 2223 3856 solum

423 3939 501 4024 quo
534 3914 654 3997 modo
686 3913 865 3997 turbatus
899 3910 947 3997 sit
979 3920 1018 3995 et
1048 3911 1332 3996 contaminatus
1373 3909 1437 3996 hic
1476 3911 1605 4012 loona,
1652 3914 1723 3998 sed
1764 3913 1881 3997 etiam
1913 3942 2013 4022 quae
2043 3915 2222 4026 primitus

524 4220 556 4296 1)
578 4217 652 4283 Eur.
666 4217 735 4284 Alc.
746 4219 806 4282 855
822 4237 888 4301 sqq.
908 4218 1038 4283 Kirchh.
1062 4218 1108 4284 De
1120 4218 1290 4302 Phrynichi
1305 4219 1413 4286 labrda
1434 4238 1496 4286 non
1506 4219 1606 4303 liquet
1621 4237 1719 4304 neque
1734 4239 1769 4286 ea
1784 4220 1816 4285 in
1829 4220 1989 4287 hominnm
2001 4222 2225 4306 elegantiarum

425 4327 570 4392 manibus
591 4327 702 4392 haesit.
738 4326 790 4392 sed
812 4327 850 4392 de
870 4325 927 4391 illa
949 4346 981 4392 re
1003 4327 1057 4393 alii
1079 4327 1172 4392 aliter
1194 4327 1343 4404 ferebant,
1382 4328 1527 4412 Apollod.
1547 4329 1564 4392 Ι
1587 4330 1672 4406 9,15
1709 4327 1764 4392 καὶ
1785 4319 1886 4412 αὐτήν
1907 4325 2007 4395 πάλιν
2028 4321 2220 4416 ἀνέπεμψεν

421 4427 570 4523 ἦΚόρη·
596 4431 641 4512 ὦς
663 4435 698 4500 δὲ
721 4431 803 4501 ἔνιοι
824 4434 979 4520 λέγουσιν,
1000 4429 1162 4522 Ἡρακλῆς
1180 4430 1404 4518 μαχεσάμενος
1419 4431 1528 4524 ‘'Ardp
1550 4437 1795 4515 (animaduertes
1810 4438 2051 4522 discrepantiam
2073 4459 2092 4506 a
2112 4441 2218 4508 labda

420 4544 595 4628 euripidis),
621 4543 739 4630 Hygin.
762 4545 837 4611 t51
859 4538 966 4630 ‘quam
988 4547 1095 4628 postea
1115 4546 1265 4611 Hercules
1287 4547 1327 4612 ab
1350 4547 1458 4612 inferis
1479 4537 1658 4613 reuocauit’.

519 4653 553 4736 2)
577 4656 696 4720 eertum
716 4655 777 4720 loci
799 4674 912 4721 nomen
932 4655 1040 4721 fabula
1070 4655 1129 4722 sibi
1155 4655 1303 4738 postulat,
1332 4657 1438 4738 itaque
1460 4653 1577 4720 frustra
1597 4656 1680 4734 sunt,
1710 4655 1763 4738 qui
1786 4657 1823 4720 ut
1843 4655 1924 4722 hanc
1945 4658 2127 4724 memoriam
2148 4677 2218 4724 cum

420 4763 584 4829 notissimo
606 4764 751 4829 Herculis
773 4764 812 4830 ad
835 4765 949 4829 inferos
972 4763 1118 4830 descensu
1140 4764 1316 4848 concilient,
1339 4765 1372 4830 ἐν
1393 4759 1488 4850 αὑλῳ
1510 4764 1659 4829 scribunt.
1688 4757 1800 4828 Πύλον
1822 4763 1933 4832 Graeci
1954 4765 2061 4831 urbem
2082 4767 2116 4830 in
2140 4767 2221 4833 ccci-

422 4871 540 4937 dentali
558 4871 760 4955 Peloponnesi
783 4893 836 4940 ora
861 4873 956 4939 sitem
971 4891 1130 4952 uocauere,
1153 4875 1316 4956 tamquam
1331 4872 1453 4938 aditum
1474 4870 1515 4936 ad
1535 4869 1659 4948 inferos,
1683 4889 1754 4937 cum
1768 4871 1907 4936 montem
1918 4869 2013 4936 Asiae
2027 4873 2218 4953 orientalem,

418 4981 550 5047 deornm
571 4982 673 5048 sedern
695 4982 841 5048 Σίπυλον
863 4983 922 5049 hoc
942 4985 990 5050 est
1010 4982 1049 5048 ad
1072 4983 1144 5050 deos
1167 4983 1289 5050 aditum
1309 4982 1454 5048 dicerent.
1476 4981 1561 5064 prior
1580 4979 1663 5045 enirn
1684 4979 1776 5045 huius
1798 4980 1932 5046 nominis
1952 4998 2024 5063 pars
2045 4981 2151 5048 eadem
2173 4983 2222 5048 est

424 5089 518 5172 atque
540 5089 685 5155 necabuli
706 5087 848 5170 Σίβυλλα
875 5091 904 5156 h.
927 5108 951 5154 e.
975 5090 1061 5156 θεοῦ
1088 5082 1191 5174 βουλή
1214 5090 1295 5171 (siue
1318 5089 1420 5154 mauis
1441 5087 1557 5154 aeolice
1577 5079 1703 5168 βόλλα),
1737 5103 1817 5171 quae
1838 5087 1926 5169 origo
1949 5086 2067 5152 ueteres
2089 5106 2151 5154 non
2173 5086 2220 5154 la·

421 5197 486 5264 tuit
512 5197 551 5263 cl.
573 5196 701 5264 Hieron.
725 5197 798 5264 adu.
818 5199 919 5265 Ionin.
942 5199 1019 5265 141
1044 5199 1105 5266 nol.
1120 5200 1154 5265 II
1175 5218 1205 5282 p.
1218 5201 1279 5264 306
1301 5197 1461 5264 vallarsii.

517 5308 552 5392 3)
574 5327 623 5392 ap.
645 5309 740 5374 schol.
762 5307 843 5376 AD
864 5309 954 5376 Iliad.
979 5315 1010 5373 Z
1024 5309 1085 5375 153
1106 5307 1207 5392 (l'HG
1230 5312 1258 5388 l,
1275 5311 1314 5374 91
1343 5308 1382 5374 lr.
1400 5306 1454 5390 78)
1486 5307 1524 5373 cf.
1546 5304 1728 5372 wolckerus
1756 5303 1892 5388 opuscul.
1922 5304 1949 5368 V
1978 5323 2007 5387 p.
2028 5305 2126 5389 llsq.
2169 5305 2216 5370 De

416 5418 531 5486 fabulis
551 5419 738 5503 germanicis
760 5419 798 5484 es.
817 5420 842 5485 1.
860 5416 1032 5484 Grimmins
1052 5417 1193 5485 macae
1213 5417 1308 5502 myth.
1331 5436 1358 5500 p.
1370 5419 1440 5485 814.
