5124 6398
1297 695 1326 778 4

409 944 538 1021 aetate
569 944 705 1020 natum
736 933 849 1020 facila
881 935 1110 1045 persentias.
1142 962 1270 1043 neque
1301 934 1518 1020 accuratius
1548 935 1767 1022 intuentem
1797 938 2059 1048 exquisitioris
2081 942 2212 1028 cuius·

411 1081 504 1163 dam
535 1088 573 1164 et
612 1078 848 1164 delicatioris
888 1077 1015 1164 cultus
1053 1078 1222 1188 uestigia
1261 1078 1449 1179 latebunt,
1497 1079 1627 1188 qualia
1668 1080 1812 1168 mixtos
1855 1086 2089 1171 commercio
2122 1115 2212 1172 curn

414 1221 575 1308 Graecis
607 1219 828 1307 Phoenices
858 1224 1041 1334 produnt.
1088 1223 1198 1331 legas
1227 1221 1348 1306 uelim
1378 1250 1467 1306 earn
1497 1232 1661 1333 partem,
1693 1252 1769 1334 qua
1801 1227 2110 1336 Agamemnonis
2141 1259 2211 1342 ap-

316 1415 331 1432 ·
411 1378 570 1480 paratus
591 1367 753 1452 bellicus
774 1363 1044 1473 describitur(
1073 1363 1312 1475 ‚rt-42):
1343 1367 1499 1452 uidebis
1529 1367 1690 1455 artificia
1719 1371 1873 1456 fabrilia
1903 1401 1983 1460 000
2012 1374 2212 1460 mehercle

411 1513 602 1622 uulgaria,
644 1493 783 1597 similia
821 1511 1115 1623 perfectissimis
1145 1511 1238 1596 artis
1270 1509 1507 1596 Phoeniciae
1539 1512 1829 1624 speciminibus,
1876 1517 2004 1626 qualia
2035 1548 2084 1603 ex
2116 1548 2213 1631 opu-

410 1657 641 1743 lentioribus
671 1657 926 1742 Etruscorum
962 1665 1141 1740 ueterum
1173 1654 1361 1765 sepulcris
1393 1655 1635 1766 prodierunt.
1705 1657 1807 1761 Quid
1839 1663 1945 1767 quod
1975 1660 2093 1747 lorica
2124 1691 2210 1773 pre-

410 1800 621 1888 tiosissima
657 1831 680 1884 a
711 1799 849 1908 Cinyra
881 1802 984 1884 dono
1021 1797 1139 1882 missa
1171 1797 1459 1905 Agamemnoni
1488 1828 1526 1883 u.
1548 1801 1675 1909 20sq.
1705 1800 1856 1886 dicitur.
1904 1805 2012 1913 atqui
2042 1805 2211 1918 Cyprum

411 1945 591 2043 insulam,
630 1944 739 2029 cuius
770 1942 929 2052 Cinyras
958 1971 1027 2028 rex
1058 1941 1352 2050 antiquissimus
1382 1945 1507 2027 fcrtru
1537 1953 1577 2028 et
1614 1941 1904 2052 Cinyradarum,
1946 1948 2211 2035 nobilissimae

410 2089 513 2176 inter
544 2085 715 2200 Paphios
755 2080 948 2175 familiaa¹
981 2087 1170 2186 conditor,
1210 2087 1348 2171 sedam
1378 2085 1621 2172 Phoenicum
1651 2098 1802 2175 eonamt
1832 2089 1910 2174 iarn
1940 2091 2211 2202 antiquissimo

411 2243 589 2344 tempore
619 2232 752 2318 fuisse.
783 2229 1000 2341 Suspiceris
1030 2229 1151 2336 igitur
1187 2257 1236 2313 ex
1266 2230 1364 2314 urbe
1385 2230 1495 2316 Asiae
1522 2229 1629 2317 hunc
1661 2243 1817 2343 poetam
1847 2234 2057 2320 oriundum
2091 2239 2211 2325 luisse

412 2378 477 2462 uel
508 2375 548 2459 in
581 2403 627 2460 ea
658 2374 779 2458 uitam
811 2371 981 2482 degisse,
1013 2397 1113 2481 quae
1141 2399 1233 2483 prae
1265 2375 1405 2460 ceteris
1436 2378 1670 2463 commercio
1696 2406 1787 2463 curn
1808 2377 2073 2467 Phoenicibus
2102 2384 2212 2469 lacti-

413 2523 535 2608 tando
565 2546 661 2630 opes
699 2517 773 2602 sibi
809 2546 855 2601 ac
891 2516 1046 2600 diuitias
1078 2527 1292 2625 quaereret.
2250 2623 2254 2634 Ι

515 2665 594 2752 Sed
625 2661 733 2747 nolui
764 2688 894 2746 coram
924 2659 1050 2759 uobis,
1081 2659 1154 2744 uiri
1188 2661 1453 2759 eruditissimi,
1486 2664 1718 2750 coniecturis
1746 2667 1966 2776 indulgere.
1997 2671 2129 2780 itaque
2161 2673 2210 2756 de

414 2809 488 2912 his,
519 2810 559 2893 in
597 2835 697 2917 quae
730 2806 898 2916 digitum
928 2804 1144 2890 intendisse
1177 2805 1271 2891 satis
1301 2806 1442 2908 habeo,
1473 2819 1686 2918 utcumque
1717 2809 1886 2912 libuerit,
1919 2823 2096 2898 uestrum
2127 2823 2211 2901 esto

413 2955 613 3053 iudicium,
664 2954 782 3037 modo
817 2977 880 3034 me
914 2951 965 3033 ad
1005 2949 1169 3036 certiora
1205 2980 1277 3037 uos
1310 2953 1520 3038 ducentem
1559 2953 1774 3061 dignemini
1805 2956 1928 3065 sequi.
1990 2957 2081 3044 talia
2117 2989 2212 3046 uero

412 3109 480 3186 aut
511 3098 672 3206 egregie
703 3095 816 3182 fallor
849 3093 988 3179 autin
1019 3121 1066 3177 eo
1102 3093 1188 3179 loco
1219 3103 1353 3204 parata
1385 3087 1486 3198 sunt,¹
1531 3095 1597 3203 qui
1627 3105 1686 3180 est
1718 3097 1768 3180 de
1799 3096 1909 3184 the
1939 3102 1989 3184 ab
2024 3102 2142 3188 Aiace
2173 3114 2213 3189 et

414 3243 593 3330 Menelao
623 3250 791 3328 seruato.
1387 3316 1388 3324 ι

515 3388 647 3473 Vlixes
676 3396 883 3499 postquam
912 3381 1055 3468 uulnus
1085 3411 1108 3466 a
1137 3381 1237 3468 Sacc
1266 3381 1431 3492 Hippasi
1466 3383 1545 3468 filio
1577 3383 1651 3468 sibi
1679 3385 1869 3471 inflictum
1897 3388 2088 3476 intellexit
2125 3393 2213 3478 leti-

414 3535 541 3618 ferum
561 3561 640 3617 non
660 3559 759 3631 esse,
795 3528 946 3614 fortiter·
982 3525 1250 3611 aduersarium
1277 3552 1491 3633 aggressus
1527 3525 1639 3612 hasta
1675 3538 1783 3614 trans
1813 3541 1949 3641 pectus
1980 3544 2068 3620 aeta
2092 3535 2213 3622 inter-

414 3677 507 3763 ficit.
539 3687 623 3762 turn
654 3677 815 3760 demum
845 3672 905 3758 sui
941 3699 1092 3756 memor
1122 3667 1276 3754 hastam
1306 3667 1489 3756 hostilem
1510 3699 1559 3756 ex
1580 3682 1668 3756 cute
1700 3701 1770 3758 sua
1799 3685 1839 3759 ct
1871 3676 2009 3787 clupeo
2031 3680 2211 3767 extrahit.

416 3851 493 3932 quo
530 3823 632 3906 sacto
673 3848 762 3905 cunr
799 3818 963 3901 nimium
1004 3815 1206 3923 sanguinis
1242 3817 1511 3926 profrmdatur·,
1564 3815 1720 3927 etipse
1758 3828 1877 3928 pauet
1910 3822 2134 3933 amicosque
2171 3825 2211 3911 in

413 3965 602 4051 auxilium
633 3972 747 4049 uocat
783 3973 822 4047 et
852 3959 987 4047 hostes
1017 3960 1248 4044 audaciores
1284 3957 1431 4042 maiore
1468 3955 1643 4042 saucium
1672 3956 1823 4068 impetu
1853 3971 2018 4068 urgent:

814 4120 910 4219 οἶμα
937 4117 979 4197 δέ
1003 4127 1039 4196 οἱ
1066 4126 1307 4204 σπασθέντος
1332 4123 1535 4213 ἀνέσσυτο,
1562 4117 1644 4203 κῆδε
1672 4118 1712 4194 δὲ
1738 4126 1880 4216 θυμόν·

815 4257 931 4350 Τρῶες
958 4245 998 4322 δὲ
1022 4251 1233 4343 μεγάθυμοι
1258 4245 1352 4329 ὅπως
1379 4241 1459 4317 ἴδον
1486 4241 1564 4338 αἷμ’
1591 4243 1782 4344 Ὀδυσῆος,

713 4378 787 4454 460
814 4377 1021 4469 κεκλόμενοι
1047 4374 1136 4445 καθ’
1158 4371 1290 4466 ὅμιλον
1316 4353 1372 4444 ἐντ’
1400 4375 1501 4466 αὐτῷ
1527 4375 1661 4454 πάντες
1682 4367 1831 4470 ἔβησαν.

813 4495 936 4600 αὖταρ
961 4495 983 4570 ὅ
1007 4503 1036 4594 γ’
1065 4497 1217 4584 ἐξοπίσω
1244 4493 1463 4594 ἀνεχάζετο,
1491 4490 1555 4566 αὖε
1579 4492 1615 4566 δ’
1641 4499 1818 4597 ἑταίρους.

416 4657 586 4742 Exaudit
631 4657 793 4742 heroem
838 4655 1039 4741 Menelaus
1091 4655 1380 4762 adsumptoquc
1430 4651 1547 4737 Aiace
1592 4653 1687 4736 dum
1736 4655 1912 4756 accurrit,
1962 4655 2062 4741 hacc
2114 4659 2213 4743 circa

415 4800 567 4889 Vlixem
597 4813 807 4910 geruntur:

1175 4937 1276 5034 ἀμφὶ
1304 4931 1335 5007 δ’
1363 4934 1422 5035 ἄρ’
1448 4935 1566 5008 αὐτὸν

815 5075 929 5165 Τρῶες
955 5061 1081 5136 ἕπονθ’
1108 5067 1152 5146 ὡς
1177 5069 1208 5134 εἴ
1234 5089 1275 5133 τε
1303 5057 1479 5158 δαφοινοὶ
1505 5063 1595 5142 θῶες
1620 5058 1775 5160 ὄρεσφιν

519 5437 549 5514 1)
572 5433 611 5498 cf.
634 5431 849 5515 Waddington
873 5431 906 5497 in
929 5431 1095 5496 titulorum
1120 5453 1137 5498 a
1161 5431 1290 5496 Lebaaio
1312 5429 1513 5496 collectorum
1535 5428 1738 5511 explicatione
1761 5429 1821 5496 VII
1845 5429 1969 5497 02798
1992 5450 2020 5514 p.
2034 5431 2106 5496 644.
