5124 6398
1201 761 1254 848 31

328 1003 386 1092 lea
428 1013 629 1116 tamquam
672 1003 816 1117 hospes
863 1007 983 1092 domo
1019 1033 1090 1092 aua
1131 1003 1312 1115 reeipiat3
1356 1003 1542 1113 idemque
1591 1003 1682 1113 quia
1733 1011 1923 1112 quotquot
1969 1003 2129 1114 recepit,

328 1175 465 1236 omnes
506 1148 765 1236 adamantinis
805 1149 987 1236 aeneiaue
1029 1148 1151 1260 portia
1182 1147 1262 1234 auia
1300 1146 1497 1248 oohereet
1545 1147 1718 1256 Pylartea
1759 1150 1809 1232 ab
1841 1147 1925 1258 ipso
1955 1148 2129 1234 Homero

326 1292 543 1380 identidem
572 1291 856 1404 nuncupatur¹.
920 1295 998 1380 duo
1027 1292 1092 1378 illa
1123 1291 1283 1380 nomine
1314 1319 1414 1400 quae
1445 1291 1576 1377 media
1605 1292 1813 1399 leguntur,
1855 1301 1998 1378 nouato
2039 1291 2131 1378 lieet

326 1438 534 1524 uideantur
576 1465 687 1538 ease,
731 1438 799 1524 uix
844 1447 947 1523 aunt.
1008 1439 1263 1547 Lysandrum
1312 1439 1418 1524 enim
1467 1441 1598 1541 deum,
1650 1441 1716 1547 qui
1757 1439 1980 1526 mortalium
2024 1448 2131 1526 artua

327 1581 510 1692 uiresque
541 1582 679 1684 soluat,
711 1592 896 1669 uooatum
927 1582 1136 1692 aliquando
1168 1611 1256 1670 esee
1286 1585 1405 1670 fidem
1436 1583 1527 1670 lauit
1559 1611 1704 1670 nomeu
1733 1583 1773 1669 iu
1803 1583 2030 1670 hominibus
2048 1582 2130 1670 uai-

327 1735 477 1830 tetnm,
517 1736 635 1835 atque
680 1727 722 1811 in
753 1726 974 1814 Samiorum
1013 1727 1201 1835 religione
1241 1726 1285 1812 id
1325 1757 1470 1815 nomen
1512 1727 1726 1816 obtinuisse
1771 1756 1885 1840 spero
1929 1755 1993 1812 me
2035 1726 2130 1816 aliae

328 1873 582 1984 probaturum
620 1900 720 1958 ease.
781 1871 1014 1992 relinquitur
1041 1901 1141 1959 uuna
1185 1874 1372 1982 Pyrasua:
1423 1873 1514 1983 qui,
1557 1883 1601 1958 ut
1632 1872 1885 1984 probabiliter
1920 1872 2131 1984 llmperiua

328 2014 391 2118 ait,
431 2025 584 2101 mortua
644 2043 805 2128 corpora
836 2043 933 2124 rogo
964 2015 1141 2128 imponit.
1203 2018 1295 2104 aetia
1334 2019 1439 2103 enim
1480 2029 1524 2104 ut
1560 2019 1601 2103 in
1632 2018 1826 2104 uocabulo
1862 2017 1981 2103 trium
2014 2016 2129 2127 sylla-

329 2161 470 2245 barum
499 2159 680 2245 breuium
712 2170 920 2246 excusatur
950 2163 1141 2274 producta
1171 2162 1313 2248 radiaia
1340 2163 1500 2248 uoealia.

429 2304 538 2408 Quae
569 2333 659 2390 oum
689 2305 742 2390 ita
773 2305 860 2406 sint,
894 2305 959 2390 uel
990 2305 1169 2418 lippienti
1198 2305 1402 2417 apparebit
1433 2305 1527 2414 quid
1557 2304 1744 2390 euenerit.
1791 2313 1974 2413 quattuor
1994 2304 2130 2388 Hadea

328 2445 572 2562 epithetiain
602 2449 763 2559 antiquo
798 2447 865 2534 illo
896 2449 1067 2535 carmine
1096 2449 1335 2559 significatus
1368 2460 1470 2536 erat:
1502 2451 1608 2558 quod
1642 2478 1732 2536 eum
1763 2449 1977 2561 posteriore
2005 2455 2130 2532 aetate

328 2589 516 2704 rhapsodi
546 2620 713 2702 quorum
759 2621 825 2679 ore
860 2593 960 2680 haee
1001 2596 1172 2680 earmina
1212 2595 1400 2680 uiuebant
1446 2593 1526 2679 iam
1576 2622 1655 2679 non
1693 2591 2004 2700 intellegerent„
2037 2589 2131 2701 quid

327 2737 620 2846 relinquebatur
667 2766 785 2847 quam
827 2748 871 2824 ut
914 2740 966 2824 ud
1009 2718 1125 2826 auum
1165 2739 1220 2824 illi
1263 2768 1423 2826 aeneum
1464 2766 1603 2826 ueraua
1647 2747 1843 2824 mutarent
1881 2745 1920 2822 et
1949 2763 2021 2847 pro
2050 2763 2130 2822 uno

329 2881 444 2966 Hade
493 2889 675 2989 quattuor
722 2881 907 2969 'Iloianoa
955 2857 1171 2995 ponerentl
1223 2881 1339 2971 simul
1379 2886 1572 2996 patefacta
1615 2891 1674 2968 eat
1722 2881 1835 2968 uerbi
1878 2889 1974 2967 οὖτα
2009 2879 2130 2967 ratio:

328 3025 545 3136 Doryolum
573 3026 676 3112 inter
708 3036 859 3113 eeteros
896 3027 1082 3116 Troianos
1111 3028 1376 3136 refirgieutem
1407 3027 1586 3115 oooidere
1616 3027 1694 3114 telo
1725 3026 1824 3113 Aiax
1854 3025 2004 3137 potuit,
2051 3052 2131 3110 non

329 3171 456 3282 potuit
489 3174 629 3278 deum3
660 3172 792 3282 itaque
821 3171 1072 3261 uulneratum
1093 3173 1227 3260 Ditem
1256 3173 1374 3260 heroa
1411 3171 1531 3258 elficit
1559 3182 1603 3256 ut
1633 3169 1780 3284 proelio
1811 3169 1996 3270 decedat,
2029 3167 2131 3282 aieut

328 3315 496 3403 Martem
507 3317 779 3429 Veneremque
794 3318 1022 3406 Diomedes.
1063 3318 1189 3404 Multo
1218 3325 1352 3403 tamen
1386 3315 1502 3402 latina
1523 3315 1685 3424 egregia
1704 3314 1879 3426 Emperii
1907 3312 2130 3402 obseruatio

328 3470 436 3574 patet
456 3473 495 3550 et
517 3463 730 3550 clarissima
757 3463 845 3550 luoe
876 3464 994 3550 totius
1023 3462 1100 3550 looi
1130 3447 1327 3549 tenebrae
1345 3459 1519 3545 diaoutit.
1550 3487 1642 3544 nam
1671 3457 1804 3544 heroia
1836 3456 1902 3544 uel
1932 3455 2132 3546 fortissimi

330 3634 420 3692 oum
450 3607 613 3693 terribili
649 3611 724 3694 deo
758 3608 858 3694 Oreo
899 3635 1075 3720 pugnam
1112 3607 1198 3719 quia
1237 3615 1352 3716 poeta
1394 3615 1475 3690 tam
1515 3602 1674 3703 leuiter,
1721 3631 1770 3688 ne
1809 3603 1938 3688 dicam
1980 3612 2130 3688 temere

328 3752 515 3861 tetigerit,
548 3763 592 3840 ut
623 3752 678 3838 nil
707 3751 781 3838 nisi
810 3752 1057 3839 uulneratum
1094 3753 1211 3837 deum
1241 3747 1460 3835 iudiearetl
1502 3748 1623 3833 immo
1655 3755 1838 3857 quattuor
1867 3747 1932 3832 illa
1956 3745 2130 3858 epitheta

329 3913 489 4008 apparet
520 3923 599 3981 non
628 3895 668 3980 in
703 3896 843 3981 eodem
873 3895 1073 3980 enuntiato
1102 3894 1275 4005 potuisse
1307 3923 1329 3978 a
1358 3903 1475 4004 poeta
1505 3891 1711 3995 cumulari3
1743 3921 1813 4004 per
1836 3892 2054 4000 longiorem
2084 3918 2130 3976 ea

329 4039 592 4125 narrationem
624 4039 799 4162 dispersa
830 4047 952 4139 erant,
982 4038 1089 4122 unde
1121 4037 1233 4145 quasi
1265 4037 1510 4124 diuersorum
1549 4037 1707 4122 nomina
1747 4043 1899 4138 esseut,
1938 4033 2130 4146 posterior

329 4182 550 4296 rhapsodua
582 4181 784 4268 contraxit.
845 4182 901 4268 aio
932 4184 1079 4266 laabim
1109 4191 1153 4266 ut
1182 4181 1402 4266 narratione
1439 4181 1505 4266 illa
1541 4207 1700 4292 proraua
1745 4181 1966 4267 oblitterata
1999 4206 2131 4264 rerum

330 4326 428 4412 ordo
457 4325 498 4410 in
529 4321 592 4409 hia
621 4323 716 4435 ipaia
744 4321 925 4408 uersibus
954 4332 1036 4407 tam
1064 4320 1166 4407 male
1197 4295 1512 4435 interrumpatur.

333 4577 630 4587 --—-.-——...

327 4733 415 4815 λωνι,
446 4729 504 4798 τὰν
522 4722 665 4817 dadum,
691 4729 898 4799 πάνδοκον
919 4720 1149 4817 abutimurque
1170 4726 1336 4814 χέρσον.
1358 4728 1430 4796 Vid.
1453 4729 1608 4796 Cornutus
1627 4728 1666 4794 de
1683 4727 1732 4792 dr's
1754 4745 1780 4792 c.
1801 4725 1842 4792 35
1862 4726 1968 4811 ibique
1988 4725 2131 4793 Oaannua

327 4862 358 4927 p.
373 4845 445 4924 212,
467 4843 621 4910 Prallerue
643 4842 740 4927 myth.
764 4861 811 4926 gr.
836 4843 864 4920 l,
888 4841 960 4907 626.
1792 4913 1794 4916 ,
1871 4833 1874 4840 ’

430 4953 463 5035 1)
486 4954 516 5018 Θ
537 4953 598 5018 367
621 4947 669 5029 οἷς
689 4941 801 5018 Ἀίδαο
823 4944 1005 5034 πυλάρταο,
1028 4955 1063 5016 Ν
1078 4949 1141 5014 415
1175 4944 1224 5026 εἷς
1239 4937 1356 5025 ’Ἀιόός
1376 4967 1442 5029 περ
1462 4939 1554 5010 ἰόντα
1576 4937 1744 5026 πυλάρταο
1767 4945 1951 5026 κρατεροῖο,
1980 4941 2000 5008 λ
2022 4943 2084 5008 277
2107 4937 2128 5028 ἡ

325 5059 353 5126 d'
378 5055 438 5146 ἔβη
470 5056 518 5139 εἰς
538 5051 650 5126 Ἀίδαο
678 5053 846 5145 πυλάρταο
876 5063 1068 5144 κρατεροῑος
1102 5055 1432 5138 paschasidem
1464 5045 1633 5134 πυλάρταο
1664 5047 1781 5132 σχεδὸν
1806 5039 1921 5136 ῗγαγεν
1949 5041 2131 5138 Ἀιδονῆος.

331 5169 453 5236 Audias
465 5169 620 5235 Achillem
632 5169 761 5236 Tatium
782 5168 827 5235 VI
845 5171 884 5234 13
908 5157 948 5234 tv
972 5161 1063 5234 οὕτω
1086 5165 1238 5254 φιλοῦσιν
1259 5158 1291 5230 oi
1313 5163 1402 5244 θεοί,
1427 5155 1473 5240 ὦς
1493 5154 1533 5225 dv
1553 5151 1654 5226 (triario
1673 5161 1728 5226 καὶ
1748 5159 1789 5226 ἐκ
1809 5159 1945 5244 μέσων
1963 5162 2039 5226 τιῖν
2058 5163 2132 5228 τοῦ

328 5271 519 5344 θανάτου
550 5277 693 5342 πυλῶν
719 5268 904 5364 ἅναγαγεῖνς
941 5278 980 5344 de
1008 5277 1116 5361 portae
1137 5275 1287 5340 firmitate
1316 5273 1391 5340 dial.
1416 5271 1529 5338 soeret.
1550 5269 1681 5336 Axioohi
1704 5290 1734 5354 p.
1754 5264 1895 5336 3111τά
1918 5268 1955 5336 δὲ
1975 5263 2134 5354 πρόπυλα

329 5389 390 5474 τῆς
411 5384 460 5466 εἰς
479 5381 677 5466 Πλοίτωνος
704 5381 784 5453 ὁδοῦ
806 5387 955 5474 σιδηροῖς
982 5384 1149 5467 κλείθροις
1174 5382 1229 5449 καὶ
1249 5382 1372 5450 κλεισὶν
1402 5371 1583 5462 ὠχύρωται,
1614 5379 1668 5446 sod
1687 5399 1725 5445 ne
1745 5378 1852 5463 γλαῦκ’
1876 5369 2047 5466 Ἀθήναζε.
2091 5380 2130 5446 of.

332 5495 488 5564 Cornutus
510 5497 531 5563 l.
555 5515 579 5564 a.
601 5497 692 5562 etad
713 5515 782 5564 eum
804 5495 947 5563 Oeannua
970 5515 999 5579 p.
1011 5495 1083 5562 386.
