5124 6398
1213 761 1236 850 7

326 1005 373 1088 In
404 1003 527 1090 leonis
557 1013 689 1090 autem
720 1005 850 1090 locum
883 1007 1099 1092 succedunt
1128 1007 1303 1110 leaena¹‚
1335 1035 1465 1120 gryps‚
1495 1009 1705 1122 panthera3
1739 1013 1909 1123 denique
1940 1023 2127 1102 autenm

325 1150 438 1234 18888
478 1149 540 1235 188
570 1149 634 1234 881
664 1147 799 1234 188888
836 1151 901 1235 881
930 1177 1046 1262 gryps
1077 1160 1144 1236 aut
1175 1154 1254 1238 duo
1290 1152 1461 1264 gryphes
1501 1157 1782 1244 consociantur.
1847 1162 1918 1246 sed
1956 1160 2127 1272 gryphes

325 1293 502 1405 proxime
534 1321 557 1376 a
591 1292 705 1377 leone
735 1294 890 1390 absunt,
923 1320 1021 1402 quos
1048 1321 1144 1379 uere
1173 1296 1307 1383 leones
1338 1296 1443 1384 dicas
1475 1297 1543 1384 alis
1574 1300 1716 1386 additis
1748 1311 1787 1386 et
1816 1303 1968 1412 aquilae
2001 1305 2126 1416 capite

325 1437 505 1550 imposito
536 1437 711 1523 fabulose
742 1437 915 1524 auat0s2.

423 1580 496 1667 His
528 1581 751 1693 praemissis
782 1610 882 1691 quae
915 1579 1011 1666 mihi
1048 1581 1208 1691 quidem
1248 1582 1501 1671 innotuerunt
1537 1589 1630 1673 artis
1663 1597 1918 1675 monumenta
1953 1591 2126 1676 breuiter

325 1727 551 1812 recensebo.
603 1725 642 1809 in
674 1753 750 1834 qua
784 1753 827 1810 re
857 1725 975 1811 uideo
1004 1725 1100 1811 mihi
1131 1755 1153 1810 a
1183 1727 1392 1816 lectoribus
1425 1707 1715 1820 humanissimis
1745 1733 1907 1818 ueniam
1938 1743 2125 1846 expeten-

327 1871 418 1955 dam
448 1897 534 1957 esse
568 1897 646 1955 888
675 1899 795 1955 unam
827 1871 878 1956 ob
911 1897 1098 1956 caussam.
1151 1879 1195 1955 ut
1225 1871 1329 1957 enim
1356 1883 1506 1959 taceam
1537 1879 1642 1985 quod
1684 1904 1747 1964 rea
1784 1878 1930 1964 similes
1968 1903 2126 1964 acerua-

324 2015 394 2100 tim
434 2026 643 2124 congestae
680 2041 818 2101 omnes
854 2015 1024 2123 gignunt
1059 2015 1244 2118 taedium,
1296 2027 1335 2102 et
1373 2020 1484 2130 copia
1525 2022 1794 2132 exemplorum
1832 2032 1940 2109 tanta
1984 2031 2044 2108 est
2082 2031 2126 2108 ut

324 2159 393 2246 uni
423 2161 549 2247 omnis
579 2169 748 2270 nequeat
783 2161 1027 2247 innotescere
1058 2187 1186 2269 neque
1216 2187 1311 2248 uero
1341 2172 1503 2266 mereat,
1535 2174 1575 2250 et
1609 2192 1686 2267 me,
1721 2168 1948 2275 quantulam
1977 2168 2041 2254 uel
2074 2170 2122 2252 de

325 2305 467 2416 paratis
509 2314 548 2389 et
585 2304 809 2415 patentibus
857 2312 1009 2416 partem
1059 2304 1267 2414 contigerit
1307 2307 1491 2411 delibare,
1549 2309 1708 2395 minime
1750 2312 1863 2422 fugit.
1942 2315 2013 2400 sed
2053 2313 2126 2400 nisi

325 2475 517 2558 generum
555 2449 695 2536 saltem
731 2449 960 2534 uarietatem
1004 2474 1162 2534 omnem
1200 2449 1241 2534 in
1277 2479 1357 2537 uno
1395 2463 1605 2563 conspectu
1642 2455 1831 2564 posueris,
1878 2458 1928 2540 de
1960 2456 2124 2564 singulis

325 2591 536 2700 generibus
571 2601 677 2678 recte
717 2591 889 2676 iudicare
932 2619 1012 2676 non
1052 2591 1189 2703 possis,
1235 2621 1309 2678 nec
1348 2594 1421 2681 nisi
1463 2605 1641 2707 tempora
1689 2607 1728 2682 et
1771 2599 1855 2684 loca
1894 2599 2122 2708 distinguas,

324 2735 552 2844 intellegere
591 2764 711 2846 queas
742 2736 783 2820 id
815 2737 921 2845 quod
951 2735 1226 2844 grauissimum
1262 2747 1334 2839 est,
1366 2765 1483 2846 quam
1513 2740 1589 2825 late
1621 2749 1660 2824 et
1691 2769 1768 2849 qua
1802 2741 1866 2826 uia
1895 2769 1966 2852 per
2001 2752 2124 2828 totam

327 2881 595 2990 antiquitatem
627 2881 804 2967 eiusdem
835 2879 1019 2991 imaginis
1050 2879 1215 2988 uestigia
1251 2908 1384 2994 sparsa
1415 2883 1503 2970 sint.
1575 2883 1648 2967 uini
1678 2893 1810 2970 eutem
1847 2885 1938 2972 11881
1980 2888 2125 2974 doctis-

328 3027 415 3114 simi
449 3025 516 3135 qui
546 3023 648 3112 hanc
683 3050 770 3111 rem
800 3021 1055 3133 attigerunt⁸‚
1089 3021 1208 3110 hodie
1240 3026 1489 3114 satisfacere
1519 3026 1586 3112 uix
1621 3040 1796 3138 possunt.

325 3317 432 3383 demat
453 3317 515 3384 lab.
537 3335 638 3400 aesop.
660 3319 732 3382 268.
764 3316 895 3400 danique
923 3319 1008 3383 tauri
1030 3315 1224 3383 ferocitatem
1254 3312 1377 3378 uincere
1399 3331 1462 3379 888
1484 3313 1589 3380 881888
1612 3314 1787 3398 delphinum
1810 3315 1940 3398 piscium
1962 3335 2067 3400 regem
2089 3317 2122 3382 18

325 3427 478 3494 auxilium
499 3429 592 3494 uocat
612 3426 673 3492 lah.
695 3445 756 3492 aes.
779 3426 850 3490 251.
893 3444 987 3507 quam
1011 3424 1150 3507 delphini
1180 3421 1338 3504 leonisque
1364 3422 1545 3488 societatem
1576 3424 1653 3490 satis
1686 3425 1798 3490 miram
1820 3425 1997 3509 antiquiore
2018 3425 2125 3494 fabula

325 3536 419 3602 inniti
444 3554 480 3602 eo
501 3536 674 3619 suspiceris,
698 3535 781 3619 quod
802 3553 841 3600 ne
862 3535 894 3598 in
916 3533 1125 3600 monumentis
1149 3530 1273 3614 quidam
1295 3531 1513 3613 praetermissa
1535 3533 1590 3597 est.
1612 3533 1657 3598 sic
1680 3534 1713 3598 in
1735 3553 1830 3599 numo
1852 3535 2007 3611 acanthio,
2031 3554 2122 3618 quem

324 3646 422 3711 edidit
446 3646 624 3711 Miounetus
651 3645 765 3711 888881
786 3645 840 3710 des
854 3643 1008 3726 81888188
1027 3646 1051 3706 1.
1065 3641 1150 3708 XLV
1170 3661 1199 3706 8.
1213 3639 1241 3718 5,
1272 3638 1353 3704 inlra
1378 3639 1498 3706 leonem
1520 3642 1612 3708 tauro
1634 3641 1833 3709 incubantem
1855 3643 2019 3726 delphinus
2051 3662 2125 3710 oon·

324 3755 465 3836 spicitur‚
487 3756 518 3820 et
537 3756 570 3819 in
593 3756 707 3820 tessera
729 3753 874 3836 plumbea
895 3751 1067 3818 atheniensi
1088 3769 1182 3833 supra
1201 3749 1299 3815 leonis
1320 3751 1414 3833 eaput
1434 3749 1517 3814 idem
1539 3750 1632 3832 piscis
1653 3755 1699 3816 est
1723 3752 1776 3832 (ol.
1798 3753 1990 3832 Postolaeca‚
2013 3753 2126 3820 coacti

324 3863 398 3929 dell'
412 3865 510 3930 instit.
533 3865 614 3930 1868
637 3862 699 3929 881.
711 3863 768 3928 XL
787 3883 816 3946 p.
829 3863 891 3928 285
916 3859 1054 3942 n.358);
1076 3861 1151 3925 itam
1172 3859 1205 3924 in
1227 3857 1329 3923 forma
1351 3858 1487 3940 quadam
1509 3859 1646 3925 allaliee
1660 3859 1795 3946 hajardo
1817 3861 1901 3928 edita
1923 3861 2126 3943 (Recbercbea

323 3992 380 4038 aar
403 3972 432 4037 le
453 3973 605 4039 88118818.
629 3973 668 4038 dc
692 3971 795 4038 Ve'nas
815 3972 887 4037 Par.
901 3972 981 4036 1837
997 3970 1062 4035 tab.
1074 3969 1161 4047 XIX,
1173 3967 1208 4050 5)
1230 3965 1292 4033 duo
1313 3967 1389 4033 haec
1410 3968 1560 4034 animalia
1583 3973 1813 4052 conponuntur;
1835 3971 1968 4053 denique
1989 3971 2023 4035 in
2047 3971 2126 4038 88118

323 4075 488 4158 sepulcrali
514 4075 720 4160 tarquiniensi
750 4097 829 4160 quaa
858 4082 964 4160 grotta
993 4074 1056 4141 dell
1083 4073 1361 4156 caracenam,
1393 4075 1513 4142 leonem
1536 4076 1777 4161 delphinumque
1798 4079 1831 4144 in
1852 4081 1984 4162 utroque
2005 4077 2126 4162 fastigii

323 4185 440 4270 angulo
462 4187 561 4270 pictos
583 4187 705 4253 audeas:
739 4188 777 4253 81.
800 4189 861 4254 188.
886 4187 1003 4265 Μ18811,
1037 4186 1136 4251 morio
1158 4183 1244 4270 degli
1266 4185 1384 4251 antichi
1405 4185 1519 4267 papali
1539 4186 1669 4252 11811881
1690 4187 1754 4253 tab.
1777 4187 1948 4267 LXVII,3
1982 4185 2125 4253 8188181·

322 4295 449 4378 bergius
477 4298 508 4361 et
527 4296 697 4362 Kestnerus
719 4297 752 4361 in
773 4297 983 4379 sepulcrorum
1007 4296 1199 4359 etruscorum
1229 4294 1436 4372 lineamentis,
1472 4312 1564 4376 opera
1595 4295 1775 4378 imperfecto
1803 4315 1859 4361 nec
1880 4295 2038 4378 publicato
2059 4296 2125 4361 tab.

324 4403 432 4469 XXIX
453 4405 499 4485 (in
513 4423 592 4469 mus.
609 4407 665 4470 etr.
681 4425 803 4488 gregor.
819 4403 909 4469 uol.I
930 4404 995 4469 tab.
1018 4403 1042 4468 Ο
1063 4403 1139 4468 haec
1159 4420 1207 4467 ras
1230 4403 1371 4486 neglecta
1393 4403 1464 4483 cst).

426 4512 459 4595 l)
483 4533 556 4578 num
577 4513 656 4579 illud
679 4514 807 4593 animal,
830 4513 912 4597 quod
930 4512 1113 4594 interpretes
1135 4512 1230 4595 uulgo
1245 4513 1301 4576 aut
1317 4512 1500 4594 pantheram
1524 4515 1580 4576 ant
1602 4512 1673 4578 aliis
1696 4512 1873 4578 nominibus
1888 4512 2006 4592 dicunt,
2030 4515 2124 4580 semel

325 4637 434 4686 moneo
456 4623 538 4704 ipsos
561 4622 695 4688 artifices
717 4623 898 4705 plerumque
920 4621 1055 4686 uoluisse
1075 4621 1215 4686 leaenam
1238 4621 1355 4686 haberi.
1382 4621 1415 4686 id
1438 4622 1521 4704 quod
1543 4621 1673 4688 dubium
1696 4639 1842 4687 essenon
1865 4623 1978 4705 poterit
2000 4642 2036 4690 88
2059 4644 2126 4690 mo·

323 4733 472 4797 ramenta
498 4733 701 4814 comparanti,
730 4733 763 4796 iu
791 4732 904 4815 quibus
927 4733 1033 4814 aperte
1062 4749 1180 4796 marem
1204 4729 1236 4795 81
1258 4729 1404 4796 laminam
1429 4731 1540 4796 artilex
1564 4730 1763 4796 consociauit.
1809 4731 1892 4796 inter
1912 4733 2031 4816 assyria
2053 4751 2126 4798 con·

324 4838 406 4904 laras
428 4841 604 4926 anaglypha
627 4861 646 4906 a
668 4840 795 4906 Victore
815 4840 910 4906 Plaee
931 4839 1088 4906 delineata
1107 4837 1279 4904 18185211·
1301 4841 1332 4905 81
1354 4841 1404 4917 55,
1433 4841 1469 4904 81
1490 4840 1528 4906 de
1550 4859 1585 4906 eo
1607 4840 1689 4924 quod
1712 4839 1872 4925 bayardus
1900 4841 1998 4908 edidit
2025 4843 2088 4908 881.
2110 4843 2127 4909 1

322 4949 387 5014 tab.
408 4951 427 5014 9
448 4951 563 5015 rectius
584 4949 711 5015 iudicas.
752 4969 787 5016 ex
808 4949 930 5034 graecis
951 4949 1166 5014 testimonium
1195 4947 1316 5030 profero
1344 4948 1551 5014 certissimum
1583 4949 1667 5014 uasis
1700 4949 1840 5033 argentei
1862 4950 1895 5016 in
1919 4949 2125 5019 Chersonneso

322 5059 444 5124 teuriea
468 5058 588 5125 inuenti
613 5059 796 5142 (8811881188
817 5060 861 5124 du
881 5057 1045 5140 Bosphoro
1065 5058 1244 5122 cimmericn
1264 5058 1330 5123 tab.
1354 5057 1501 5137 XXXIV,
1526 5060 1553 5122 1.
1574 5059 1594 5123 2
1618 5058 1656 5123 ef.
1679 5057 1753 5123 ibid.
1776 5061 1806 5124 3.
1829 5059 1874 5138 4).

422 5167 456 5252 2)
480 5167 636 5234 diuersam
663 5167 798 5252 liguram
828 5167 923 5234 habos
952 5167 985 5230 18
1016 5165 1202 5248 anaglyphis
1229 5166 1388 5232 aediculae
1414 5185 1520 5233 sacrae
1550 5167 1685 5252 assyriae
1712 5187 1731 5233 a
1754 5168 1894 5253 Lapardo
1919 5169 1968 5236 tle
1988 5189 2123 5238 8888888.

323 5276 386 5342 881.
401 5277 433 5341 11
455 5279 555 5342 tab.5
578 5277 743 5361 expressis:
782 5276 899 5342 bestiae
928 5275 1087 5341 fabulosae
1113 5276 1208 5360 caput
1239 5275 1402 5359 affingitur
1425 5276 1577 5360 pedesque
1604 5275 1711 5356 lconis,
1746 5279 1849 5343 ceruix
1871 5281 1901 5344 81
1924 5297 2034 5364 eorpus
2055 5279 2126 5364 plu·

324 5386 411 5450 mata
434 5403 494 5450 888
518 5405 605 5451 secus
627 5405 721 5469 quam
744 5387 813 5452 alae
836 5403 925 5452 auem
945 5384 1090 5467 prodant.

426 5494 459 5574 3)
482 5493 770 5574 118881-118818118,
798 5496 961 5560 mamerco
987 5493 1214 5578 d’crolte‘olopte
1242 5495 1403 5577 compara
1425 5495 1449 5558 1.
1478 5515 1535 5558 sur
1557 5493 1716 5562 l'Hercalc
1743 5497 1886 5581 assyrias
1904 5501 1934 5562 et
1951 5495 2124 5578 8181818188.
