5124 6398
1209 749 1235 834 9

321 995 541 1082 audirent1.
605 1003 722 1103 atque
758 993 850 1078 tutia
886 1021 935 1078 ax
968 993 1160 1105 Apollinis
1197 991 1367 1104 delphici
1403 993 1599 1080 thesauris
1637 995 1764 1106 promi
1800 997 1850 1080 ab
1881 997 1977 1082 Ione
2006 997 2124 1082 Ituri-

320 1141 434 1253 pides
464 1139 618 1250 scripsit

620 1276 719 1354 1160
1091 1277 1283 1375 τοίχοισιν
1309 1271 1345 1348 δ’
1369 1277 1428 1350 ’ἐπι

742 1399 931 1499 ἤμπισχεν
957 1398 1057 1471 ἄλλα
1084 1399 1278 1500 βαρβάρων
1305 1403 1564 1500 ὑφάσματαῖ·

745 1531 961 1626 εὐηρέτμους
987 1533 1075 1608 ναῦς
1096 1523 1227 1608 ἀντίας
1254 1527 1440 1608 ἐλληνίσιν

743 1652 806 1722 καὶ
833 1647 1035 1744 μιξόθηρας
1062 1648 1187 1747 φῶτας
1214 1651 1376 1764 immicus
1402 1655 1439 1724 τ’
1465 1651 1575 1754 cippos

745 1777 894 1874 ἐλάφων
921 1776 1078 1849 λεόντων
1104 1780 1140 1846 τ’
1166 1769 1298 1872 οἷγρῖων
1324 1779 1541 1874 θηράματα.

322 1907 512 1992 Vesorum
542 1904 712 2016 pictores
741 1902 1032 2012 antiquissimos
1076 1913 1227 1989 constat
1267 1915 1374 1991 texta
1412 1907 1476 1993 illa
1507 1908 1715 1994 artificiosa
1746 1909 1920 1996 studiose
1951 1908 2122 1996 imitatos

321 2079 421 2136 csse.
480 2078 559 2134 non
599 2049 741 2134 mirum
779 2049 912 2157 igitur,
961 2049 1066 2156 quod
1105 2056 1163 2132 tot
1204 2077 1300 2134 uasa
1331 2024 1420 2134 cum
1451 2051 1490 2137 in
1524 2052 1688 2137 Graecia
1723 2051 1936 2162 insulisque
1967 2053 2121 2139 tumin

320 2195 476 2280 Etruria
506 2193 759 2279 inueniuntur
787 2192 1013 2277 animalium
1044 2191 1179 2300 figuris
1211 2193 1338 2301 magis
1368 2194 1549 2282 minusue
1568 2195 1732 2281 rudibus
1752 2191 1909 2282 oblitass.
1948 2197 2121 2308 plerum-

322 2366 398 2448 (pue
429 2367 522 2424 sane
555 2367 601 2424 ea
631 2337 812 2422 animalia
843 2339 900 2424 sie
936 2345 1219 2448 proponuntur,
1250 2345 1294 2422 ut
1323 2338 1379 2422 nil
1408 2366 1527 2447 agere
1557 2341 1777 2425 uideantur.
1840 2341 1882 2425 fit
1912 2353 2047 2426 tamen
2077 2353 2122 2428 ut

322 2482 452 2569 animo
482 2483 624 2568 infesto
658 2479 973 2589 congrediantur.
1011 2481 1139 2566 sicut
1170 2481 1359 2592 exemplis
1390 2483 1635 2594 paucissimis
1667 2484 1926 2593 acquiescam,
1961 2484 2000 2568 in
2037 2515 2121 2570 am-

321 2627 443 2739 phora
485 2622 768 2735 tarquiniensi*
810 2635 890 2711 tres
928 2623 1015 2710 illos
1058 2653 1155 2734 quos
1197 2625 1311 2728 nosti,
1359 2655 1519 2723 ceruum
1558 2628 1704 2713 bouem
1743 2657 1881 2739 aprum
1921 2627 2057 2712 laniari
2097 2659 2121 2713 a

320 2771 456 2860 bestiis
487 2770 689 2856 uidemus:
742 2797 881 2855 ceruus
915 2770 1098 2877 genubus
1128 2768 1238 2855 flexis
1269 2771 1532 2880 procubuita
1564 2771 1714 2884 grypha
1743 2772 1921 2858 insecuto
1951 2801 2120 2884 occupa-

320 2928 396 3017 tus,
431 2915 576 3000 bouem
608 2915 687 2999 duo
718 2914 865 3014 leones.
897 2941 1035 3024 aprum
1064 2912 1127 2997 leo
1158 2923 1198 2996 et
1230 2913 1366 2998 leaena
1396 2916 1624 3025 depascunt.
1656 2916 1697 3000 in
1730 2916 1887 3000 oasoudo
1921 2916 2120 3002 uoleenti⁶

320 3088 415 3172 aper
451 3059 575 3172 eapite
616 3058 788 3144 demisso
830 3068 919 3142 ante
960 3057 1117 3142 leonem
1158 3065 1234 3141 stat
1269 3057 1390 3169 ipsius
1428 3059 1569 3158 ceruici
1610 3058 1686 3145 iam
1731 3057 1957 3145 inhiantem.
2027 3061 2118 3146 alibi

321 3201 491 3316 gryphes
535 3206 732 3288 dammam
769 3195 980 3287 lacerant⁶.
1042 3201 1160 3285 Haud
1201 3200 1281 3287 scio
1321 3232 1369 3287 an
1416 3203 1545 3314 paullo
1588 3205 1781 3290 recentius
1824 3205 1872 3290 sit
1915 3206 2119 3292 aesculum

258 3349 263 3360 '
320 3349 486 3434 funebre
527 3349 578 3432 ad
619 3345 858 3448 Rhodanum
900 3353 1112 3456 repertum,
1163 3345 1202 3429 in
1246 3371 1323 3454 quo
1364 3345 1629 3456 depinguntur
1668 3347 1729 3431 leo
1768 3373 1942 3448 ceruum,
1983 3346 2120 3432 leaena

320 3521 470 3605 aprum,
503 3491 673 3601 denique
703 3491 766 3575 leo
798 3493 943 3575 bouem
982 3489 1208 3600 diripientes
1218 3483 1246 3573 ⁷.
1299 3491 1358 3574 Ne
1391 3517 1438 3574 co
1472 3490 1632 3598 quidem
1661 3498 1850 3601 tempore,
1883 3519 1974 3576 cum
2003 3519 2119 3578 uaso-

331 3720 387 3727 --
403 3721 461 3726 ..—
471 3719 577 3725 ——--.
590 3719 618 3726 ..-

422 3843 453 3922 l)
476 3841 514 3906 ef.
537 3840 696 3924 Aristoph.
717 3860 784 3906 ran.
808 3841 869 3905 937
895 3831 953 3919 οόχ
976 3833 1258 3920 ἱππαλεκτρυόνας
1280 3862 1315 3923 ys
1336 3835 1382 3921 μό
1405 3841 1466 3924 Δί’,
1489 3831 1529 3904 ori
1550 3834 1781 3926 τραγελάφους,
1808 3835 1894 3926 ὅπερ
1918 3838 1968 3924 ori,

894 3939 914 4012 ὃ
937 3950 965 4013 ’ν
984 3953 1073 4015 τοῖσι
1096 3943 1380 4031 περιπειόσμασιν
1400 3953 1473 4026 τοῖς
1491 3949 1641 4033 praecaute
1664 3945 1836 4039 γράφουσι,

531 4057 664 4123 Plautus
687 4055 797 4121 Pseud.
823 4057 883 4120 146
905 4057 941 4120 ut
961 4075 998 4122 ne
1020 4057 1222 4138 peristromao
1245 4059 1370 4141 quidem
1389 4078 1485 4142 aeque
1508 4059 1609 4142 pietas
1629 4061 1694 4125 sint
1717 4063 1915 4144 campaniaca

906 4183 1004 4248 neque
1027 4165 1227 4233 alexandrias
1249 4167 1387 4234 belluata
1408 4167 1536 4234 tonsilia
1556 4169 1684 4250 tapetia,

320 4279 464 4362 idemque
487 4276 588 4343 Stichi
609 4274 680 4354 378,
704 4275 758 4341 ubi
781 4274 967 4357 babylonico
989 4277 1081 4340 uocat
1104 4275 1331 4357 peristromata.

420 4389 453 4467 2)
473 4378 648 4468 βαρβάρων
670 4385 794 4449 nomine
817 4401 878 4448 non
900 4384 1122 4466 argumentum
1143 4384 1298 4449 textorum
1321 4381 1373 4448 sed
1395 4382 1548 4465 originem
1577 4381 1709 4448 indicari
1738 4382 1908 4448 rectissima
1935 4382 1969 4448 C.
1991 4384 2118 4452 Badha-

321 4513 389 4560 mus
413 4492 592 4559 obseruauit
614 4491 653 4556 ad
676 4492 782 4557 Ionem
805 4491 901 4573 praef.
924 4511 953 4576 p.
968 4491 1015 4556 IX
1027 4511 1073 4574 sq.

420 4603 453 4684 3)
477 4603 516 4667 cf.
539 4600 575 4667 Ο.
597 4601 686 4678 laha,
719 4599 938 4683 teactrcr'huup
965 4601 1023 4666 der
1047 4601 1320 4683 ocsmuummluup
1346 4599 1441 4682 tenio
1469 4597 1621 4682 ἱιιόιοίρο
1643 4619 1671 4682 p.
1688 4599 1814 4664 CXLIV
1826 4618 1871 4682 sq.
1914 4600 2003 4666 Locis
2026 4621 2118 4671 uaso·

320 4731 390 4776 rum
413 4711 526 4776 talium
549 4708 703 4774 feracibus
726 4727 745 4774 a
765 4707 876 4774 Iahnio
897 4708 1086 4774 enumeratis
1109 4708 1187 4774 adda
1210 4708 1354 4774 Rhodum
1375 4708 1521 4786 Insulam,
1550 4707 1631 4773 unde
1657 4707 1697 4774 ab
1727 4708 1765 4773 A.
1789 4705 1975 4774 Salamanno
1997 4709 2118 4790 (aecro-

314 4817 812 4905 potedeOomircs‚Par.1875)
834 4819 990 4884 oenochoa
1004 4818 1128 4900 prolata
1149 4820 1196 4883 est
1219 4815 1404 4883 animalium
1426 4815 1535 4900 figuris
1557 4816 1717 4894 distincta,
1740 4814 1859 4899 reliquo
1882 4819 1995 4882 ornatu
2015 4819 2115 4886 artem

319 4931 485 4996 textoriom
508 4928 672 4994 manifesto
694 4927 828 4993 imitata.

418 5040 452 5120 4)
475 5038 500 5102 Ι.
523 5035 640 5115 Mioali,
661 5038 761 5102 storia
781 5035 866 5120 ἀθρό’
886 5035 1006 5100 antichi
1022 5033 1134 5116 popolo·
1155 5033 1284 5100 italiam’
1304 5033 1368 5100 tao.
1384 5032 1520 5100 XCVIII
1542 5054 1572 5100 n.
1589 5037 1616 5099 1.

421 5149 453 5227 5)
476 5165 610 5212 monum
630 5143 703 5210 dell'
723 5146 821 5214 imru.
844 5144 859 5208 I
879 5143 943 5209 tab.
960 5141 1077 5219 XXVI,
1102 5144 1150 5206 15.

419 5258 452 5340 6)
477 5257 652 5336 Tischbeiu,
674 5255 789 5322 restet
810 5255 848 5320 de
868 5272 1021 5337 promeres
1041 5251 1168 5334 d’oprda
1190 5252 1244 5317 des
1262 5271 1350 5318 ccccc
1371 5253 1513 5334 outiqueo
1532 5251 1594 5317 uol.
1610 5252 1655 5317 IV
1680 5253 1743 5318 tab.
1760 5255 1810 5318 20.

421 5366 453 5449 7)
474 5366 572 5432 edidit
594 5366 630 5432 r.
651 5364 775 5448 Lajard‚
805 5382 938 5430 monum
961 5361 1033 5428 delt’
1054 5363 1153 5427 uestit.
1176 5360 1237 5428 uel.
1256 5361 1304 5426 III
1327 5362 1351 5425 t.
1366 5361 1448 5440 38‚9
1476 5363 1507 5425 ot
1535 5361 1697 5427 monacas
1725 5361 1764 5427 dc
1784 5360 1965 5428 I'ccodtmr'e
1990 5363 2045 5428 dee
2064 5363 2114 5428 ιἰι-

317 5479 487 5559 seraptim
508 5475 688 5552 u01.Xx‚2
709 5475 774 5540 tab.
786 5473 841 5552 VI,
853 5474 882 5539 6.
