5124 6398
1305 675 1361 761 28

434 921 519 1006 iure
549 926 730 1020 utemur,
778 947 868 1004 eum
897 919 948 1002 ad
979 915 1081 1002 hene
1111 915 1307 1024 integram
1343 919 1555 1026 imaginem
1585 946 1674 1004 cum
1712 917 1995 1029 symplegmate
2031 918 2114 1020 ille,
2153 927 2239 1004 tum

433 1065 567 1150 leones
598 1063 711 1149 binos
746 1071 813 1148 eut
844 1058 1016 1172 gryphes
1035 1091 1059 1145 a
1080 1062 1155 1146 deo
1176 1062 1357 1164 domitos,
1387 1063 1557 1172 denique
1577 1061 1798 1172 iugulatum
1817 1064 1866 1147 ab
1894 1064 2036 1149 eodem
2056 1063 2237 1148 leonem¹

435 1210 663 1294 referemus.
726 1206 918 1310 Quoniam
947 1234 1044 1294 uero
1081 1233 1198 1316 reges
1227 1206 1269 1293 in
1303 1207 1451 1294 oriente
1481 1217 1682 1316 tamquam
1713 1205 1847 1292 uiearii
1880 1207 1944 1291 dei
1976 1203 2236 1305 habebantur,

438 1351 504 1438 illa
534 1380 688 1462 quoque
720 1362 1025 1439 consentaneum
1056 1363 1138 1438 erat
1170 1381 1270 1462 quae
1302 1355 1353 1438 de
1386 1354 1460 1439 deo
1494 1350 1693 1438 salutifero
1726 1353 2000 1452 credebantur,
2035 1352 2086 1434 ad
2123 1377 2239 1460 reges

433 1495 643 1581 transferri.
721 1523 797 1603 qua
836 1521 877 1578 re
916 1497 1063 1580 factum
1101 1494 1160 1581 e'st
1194 1504 1238 1580 ut
1277 1497 1318 1581 in
1349 1496 1508 1583 leonum
1537 1497 1765 1599 uenatione,
1811 1487 1910 1606 quae
1944 1522 2062 1606 saepe
2095 1493 2238 1580 inillis

433 1629 664 1749 anaglyphis
695 1647 1018 1748 repraesentatur,
1050 1665 1119 1722 rex
1151 1641 1293 1726 eodem
1323 1644 1442 1729 modo
1475 1668 1552 1750 quo
1583 1643 1681 1726 deus
1702 1647 1876 1726 ereetum
1895 1639 2051 1726 leonem
2072 1639 2235 1727 summis

434 1783 580 1896 capillis
610 1783 764 1868 sinistra
794 1812 913 1867 manu
943 1782 1149 1893 prehensis
1180 1786 1341 1872 dextera
1369 1785 1552 1893 iugulans
1581 1775 1835 1892 fingeretur².
1881 1785 1923 1869 id
1952 1786 2059 1893 quod
2093 1786 2234 1870 Persa-

433 1957 522 2012 rum
565 1927 727 2034 regibus
763 1929 863 2012 adeo
903 1927 1113 2038 probatum
1144 1936 1225 2030 est,
1270 1938 1315 2012 ut
1345 1932 1395 2014 ad
1434 1929 1540 2040 ipsos
1570 1957 1726 2038 quoque
1757 1928 1957 2016 transferri
1988 1955 2118 2037 neque
2150 1955 2255 2038 raro⁵

434 2072 605 2158 nummis
635 2072 766 2157 incudi
796 2071 977 2156 iuberent
985 2065 1014 2156 ³.
1068 2071 1147 2158 Sed
1168 2069 1388 2161 Phoenices
1426 2084 1466 2160 et
1499 2076 1548 2158 ab
1581 2073 1637 2160 eis
1668 2075 1733 2183 qui
1764 2075 1939 2185 pendent
1976 2075 2096 2160 deum
2127 2073 2238 2169 illum

432 2216 623 2326 assyrium
652 2215 866 2302 Herculem
895 2218 1085 2302 fecerunt.
1129 2217 1179 2300 de
1210 2217 1386 2305 Etruscis
1417 2220 1653 2304 documento
1685 2226 1768 2304 esto
1798 2219 1941 2303 lamina
1967 2215 2089 2304 aenea
2119 2245 2237 2328 peru-

435 2360 541 2461 sina,
587 2361 627 2446 in
673 2389 749 2468 qua
797 2359 1008 2471 exemplari
1045 2369 1201 2447 uetusto
1241 2389 1365 2471 paene
1407 2391 1487 2448 non
1515 2370 1665 2448 mutato
1694 2363 1886 2449 Hercules
1925 2362 2077 2448 exuuiis
2115 2361 2238 2448 leonis

433 2505 663 2606 distinctus,
709 2503 840 2612 gladio
884 2513 1055 2590 armatus
1093 2533 1214 2589 manu
1243 2503 1397 2592 sinistra
1428 2509 1527 2594 duos
1557 2506 1692 2593 leones
1722 2513 1830 2592 tenet
1860 2505 2020 2592 funibus
2053 2505 2236 2613 ligatos4.

437 2651 487 2735 de
519 2648 679 2735 Graecis
707 2649 808 2734 inter
840 2677 977 2735 omnes
1015 2656 1165 2734 constet
1210 2647 1443 2760 uidererque
1489 2678 1632 2762 pueros
1675 2653 1816 2736 docere
1859 2649 1982 2752 uolle,
2021 2649 2053 2736 si
2095 2651 2238 2734 decan-

437 2801 561 2881 tatum
590 2795 687 2882 illud
724 2803 764 2882 et
795 2803 878 2880 arte
924 2794 1064 2880 totiens
1105 2821 1333 2904 expressum
1371 2795 1501 2882 herois
1541 2823 1632 2880 cum
1673 2795 1786 2883 leone
1818 2820 2007 2880 nemeaea
2040 2802 2239 2880 conamen

437 2941 486 3027 ab
519 2941 668 3050 origine
700 2969 771 3028 sue
804 2943 1053 3028 deducerem.

535 3087 674 3194 itaque
718 3113 808 3171 cum
837 3085 902 3173 illo
943 3085 1049 3170 cerui
1092 3115 1115 3169 a
1155 3085 1270 3173 leone
1308 3083 1441 3170 laniati
1482 3084 1595 3194 signo
1632 3081 1814 3169 Herculis
1852 3083 2020 3191 figuram
2060 3107 2239 3193 pugnare

438 3231 642 3340 gestientis
675 3231 786 3340 quasi
813 3260 891 3315 una
921 3230 1093 3339 imagine
1123 3229 1440 3338 coniungendam
1469 3254 1555 3316 esse
1586 3227 1660 3313 uiri
1686 3255 1819 3313 rerum
1848 3226 2094 3313 orientalium
2123 3227 2239 3339 periti
2351 3205 2365 3220 ⁸

438 3377 505 3462 uix
550 3376 802 3486 negauerint:
863 3377 914 3459 de
953 3375 1102 3461 ratione
1144 3383 1183 3460 et
1223 3373 1505 3482 significatione
1546 3370 1727 3481 imaginis
1777 3381 1885 3460 tanta
1923 3381 1983 3458 est
2023 3372 2236 3475 dissensio,

437 3530 482 3606 ut
510 3521 643 3631 pigeat
677 3521 849 3630 singulas
885 3520 1098 3607 sententias
1134 3546 1340 3605 recensere
1372 3546 1509 3604 omnes
1539 3545 1585 3602 ac
1614 3517 1793 3602 reddare.
1856 3517 1950 3627 quid
1983 3518 2089 3626 quod
2121 3516 2237 3629 pleri-

438 3693 513 3774 que
542 3666 757 3752 Herculem
785 3666 1083 3766 obliuiscuntur,
1131 3666 1227 3748 dum
1265 3663 1306 3748 in
1336 3662 1548 3749 certamine
1576 3661 1701 3748 leonis
1733 3669 1773 3746 et
1802 3660 1902 3745 tauri
1939 3661 2003 3746 uel
2034 3659 2140 3746 cerui
2170 3689 2238 3746 ex-

437 3808 619 3922 plicando
648 3801 847 3908 haerent⁵‚
878 3819 1032 3921 praeter
1059 3836 1183 3893 unum
1215 3807 1316 3892 Rad.
1337 3806 1603 3908 Roehettium‚
1636 3805 1703 3915 qui
1737 3807 1787 3889 ab
1815 3804 1987 3900 Hercule
2017 3806 2092 3890 deo
2123 3805 2238 3890 solari

438 4007 717 4017 -n———..-—-
728 4009 735 4014 .

444 4137 447 4146 ·
540 4105 573 4188 1)
595 4107 669 4172 ibid.
693 4107 709 4172 Ι
731 4107 754 4172 t.
773 4107 802 4170 8.
825 4106 859 4170 II
877 4107 928 4185 69,
940 4108 969 4171 2.
999 4107 1039 4172 ad
1061 4107 1196 4171 alterum
1224 4125 1322 4189 genus
1354 4108 1488 4191 pertinet
1516 4107 1646 4172 daemon
1675 4106 1797 4172 leaenas
1826 4105 1904 4170 duas
1930 4104 2032 4170 alatas
2060 4103 2236 4188 (sphingas)

438 4216 545 4282 tenens
567 4215 608 4280 ib.
631 4215 690 4280 It.
703 4216 733 4280 6.

539 4322 573 4406 2)
595 4323 670 4390 ibid.
689 4325 705 4388 I
726 4326 748 4389 t.
761 4325 802 4388 49
824 4323 862 4388 V.
885 4321 978 4389 Place
998 4325 1085 4403 toa
1100 4325 1128 4390 1.
1150 4325 1189 4390 cf.
1211 4343 1304 4406 supra
1325 4344 1355 4408 p.
1378 4325 1429 4404 27,
1451 4327 1481 4390 3.
1504 4323 1640 4390 monum
1662 4323 1841 4388 uenationes
1864 4321 1935 4387 uide
1953 4340 2001 4405 ap.
2017 4321 2091 4406 lay.
2115 4321 2129 4385 1
2151 4323 2173 4386 t.
2189 4322 2238 4385 10.

439 4436 479 4499 dl
502 4435 536 4499 II
556 4434 579 4498 t.
597 4434 648 4498 64.
659 4434 700 4497 68
723 4431 816 4498 Plane
836 4434 860 4497 t.
875 4433 916 4498 50
928 4451 995 4517 sqq.
1075 4483 1076 4487 .
2247 4503 2251 4514 Ι

538 4543 572 4623 3)
593 4541 726 4608 indicem
751 4541 874 4608 exhibet
901 4541 1084 4608 Brendisius
1107 4543 1210 4625 p.424
1223 4561 1290 4626 sqq.
1323 4543 1362 4608 ct.
1387 4563 1416 4625 p.
1429 4544 1556 4625 230aq.,
1593 4542 1760 4624 specimine
1787 4543 1998 4626 suppeditabit
2020 4540 2236 4607 Ruunt-Roob.

440 4649 461 4716 l.
483 4669 507 4716 s.
529 4651 553 4716 t.
565 4651 598 4716 II
611 4652 744 4716 10-12.
785 4651 949 4718 Tarsenses
971 4669 1092 4734 quoque
1113 4651 1233 4716 nummi
1255 4651 1363 4717 extant
1383 4652 1489 4718 eodem
1512 4651 1602 4734 signo
1624 4650 1736 4730 notati,
1758 4651 1796 4717 de
1817 4651 1947 4736 huynes,
1977 4671 2061 4716 accc
2085 4650 2140 4716 der
2160 4655 2238 4716 eutr.

439 4759 506 4825 tv
527 4759 611 4845 Bag.
633 4761 652 4824 2
685 4761 724 4826 cI.
748 4761 932 4827 Brendisius
955 4779 984 4843 p.
996 4761 1068 4838 429,
1104 4761 1184 4826 alter
1207 4779 1241 4824 eo
1264 4780 1386 4844 quoque
1410 4761 1534 4830 nomine
1561 4759 1781 4838 memorabilis,
1816 4759 1899 4844 quod
1919 4759 1952 4824 in
1975 4759 2093 4842 postica
2114 4757 2239 4842 perinde

440 4869 534 4952 atque
555 4887 702 4934 nummus
723 4869 857 4936 Hercule
877 4869 1010 4952 Insignis
1032 4869 1111 4950 (tab.
1134 4870 1229 4934 nostr.
1254 4889 1284 4934 n.
1300 4871 1334 4950 6)
1357 4887 1485 4934 uaccam
1506 4868 1676 4934 lactantem
1698 4869 1829 4936 exhibet.

540 4981 574 5061 4)
597 4979 644 5046 ed.
665 4979 773 5047 Micali
792 4981 893 5046 storia
913 4982 937 5043 t.
949 4977 1090 5044 XXVIII
1103 4980 1132 5043 3.

540 5089 573 5172 5)
596 5089 694 5155 Fuere
715 5089 778 5172 qui,
802 5090 949 5172 quonlam
960 5089 1038 5155 talia
1049 5089 1082 5154 in
1102 5089 1239 5153 nummis
1259 5088 1317 5152 sub
1331 5087 1496 5154 Persarum
1512 5087 1641 5170 imperio
1659 5087 1741 5152 cusis
1757 5085 1998 5169 conspiciuntur,
2022 5103 2057 5152 er
2069 5085 2236 5152 Persarum

441 5198 637 5282 opinionibus
658 5199 944 5282 interpretarentur,
968 5199 1057 5282 quasi
1071 5216 1203 5280 usquam
1218 5198 1246 5263 ei
1269 5197 1404 5262 nummis
1417 5196 1473 5262 aut
1493 5194 1586 5277 signa
1607 5195 1664 5260 aut
1678 5193 1800 5258 litteras
1823 5193 2052 5275 imposuissent,
2075 5191 2136 5257 nisi
2159 5209 2238 5275 quas

440 5309 555 5375 ibidem
572 5328 629 5374 usu
643 5308 799 5375 ualerent:
820 5307 972 5373 bassanus
991 5307 1039 5389 (iu
1062 5305 1298 5390 encyclopaedia
1322 5304 1440 5370 halensi
1460 5305 1534 5370 sect.
1547 5303 1596 5368 III
1615 5303 1677 5369 nol.
1692 5301 1787 5367 XVII
1808 5321 1836 5384 p.
1852 5301 1928 5384 362)
1949 5301 2153 5368 Ahdmenem
2174 5301 2238 5366 leo·

441 5439 511 5485 nem
534 5437 605 5484 oum
627 5416 847 5484 Ahuramazde
872 5417 964 5482 tauro
985 5415 1150 5495 decertare,
1180 5413 1312 5480 Blauiua
1333 5405 1463 5478 ‘leonem
1486 5412 1551 5478 siue
1571 5412 1724 5496 gryphum
1747 5412 1874 5476 taurum
1898 5429 2063 5477 ceruumue
2086 5409 2238 5476 deuoran-
