5124 6398
1199 781 1223 865 5

609 1017 685 1094 476
709 1021 806 1116 ἀμφ’
836 1015 978 1116 ἔλαφον
1004 1021 1136 1119 κεραὸν
1161 1021 1396 1118 βεβλημένον,
1422 1017 1464 1093 ὅν
1489 1024 1526 1092 τ’
1550 1018 1652 1119 ’ἔβαλ’
1679 1026 1769 1118 ἀνὴρ

711 1148 753 1240 ίῷ
778 1145 853 1216 ἀπὸ
878 1145 1018 1244 νευρῆς·
1043 1147 1113 1219 τόν
1139 1149 1205 1241 μέν
1231 1147 1264 1218 τ’
1290 1141 1393 1234 ῆλυξε
1420 1143 1603 1220 πόδεσσιν

666 1367 670 1376 .
709 1273 863 1368 φεύγων,
888 1266 976 1368 ὄφρ’
1002 1265 1097 1365 οἶμα
1125 1273 1257 1372 λιαρὸν
1282 1283 1343 1345 καὶ
1367 1276 1520 1369 γούνατ’
1546 1276 1678 1374 ὀρόρη·

710 1393 831 1492 αὐτὰρ
857 1393 933 1466 έπεὶ
961 1393 1005 1478 δὴ
1030 1398 1159 1492 τόνγε
1187 1386 1431 1491 δαμάσσεται
1458 1402 1549 1480 ὠκὺς
1576 1399 1716 1495 ὀιστός,

709 1521 903 1614 ὠμοφάγοι
928 1547 993 1612 μιν
1018 1524 1108 1605 θῶες
1134 1526 1172 1595 ἐν
1198 1515 1323 1616 οὔρεσι
1349 1517 1632 1622 δαρδάπτουσιν

609 1648 683 1722 480
709 1648 747 1716 ἐν
774 1648 876 1737 νέμεϊ
902 1645 1045 1746 σκιερῷ·
1074 1641 1133 1718 ἐπί
1159 1675 1200 1720 τε
1223 1651 1282 1721 λῖν
1310 1647 1413 1744 ἤγαγε
1438 1645 1580 1743 δαίμων

710 1773 859 1853 σίντην·
886 1775 976 1853 θῶες
1001 1775 1068 1866 μέν
1093 1799 1135 1844 τε
1161 1767 1365 1874 διέτρεσαν,
1393 1776 1516 1870 αὐτὰρ
1542 1770 1562 1847 ὃ
1589 1771 1734 1848 δάπτει.

710 1889 753 1977 τός
776 1898 824 1990 ῥα
847 1899 928 1968 τότ’
955 1899 1052 1992 ἀμφ’
1077 1895 1246 1981 Ὀδυσῆα
1272 1894 1463 1998 δαΐφρονα
1489 1901 1754 1992 ποικιλομήτην

708 2027 822 2120 Τρῶες
848 2018 935 2093 ἕπον
963 2025 1096 2094 πολλοί
1121 2049 1163 2094 τε
1188 2025 1251 2096 καὶ
1278 2017 1441 2118 ἄλκιμοι,
1467 2027 1589 2121 αὐτὰρ
1617 2023 1687 2120 ὅγ’
1712 2023 1799 2122 ῆρως

710 2147 854 2218 α’ίσσων
880 2139 906 2243 ᾧ
931 2137 1030 2245 ἔγχει
1054 2143 1216 2241 άμόνετο
1242 2153 1361 2234 νηλεές
1386 2147 1495 2251 ῆμαρ.

313 2297 568 2407 Oompurutur
599 2297 730 2384 Vlixes
762 2325 1012 2400 omnemne,
1048 2301 1114 2408 qui
1144 2301 1284 2409 sagitto
1313 2301 1413 2386 iotus
1445 2301 1560 2388 celeri
1594 2329 1712 2388 eursu
1741 2301 1950 2414 profugiat,
1983 2301 2109 2386 donee
2230 2365 2233 2374 2

310 2439 460 2524 uiribus
494 2439 734 2549 consumptis
770 2439 810 2524 in
847 2439 945 2526 silua
980 2440 1159 2526 oonoidut
1199 2451 1238 2526 et
1273 2441 1354 2552 lupi
1393 2427 1555 2527 oeruurii
1593 2438 1664 2551 (sio
1695 2443 1799 2528 enim
1830 2455 1931 2538 udae
1960 2437 2126 2528 Plinius

310 2583 426 2668 latine
465 2579 570 2694 dicit)
612 2583 807 2691 gregatim
846 2593 890 2667 ut
929 2611 1020 2668 eum
1061 2586 1271 2694 deposcunt
1309 2596 1523 2671 accurrunt.
1577 2589 1647 2673 sed
1691 2587 1746 2672 eis
1788 2586 1975 2672 diuinitus
2016 2587 2110 2672 sub-

310 2701 475 2814 mittitur
509 2727 572 2812 leo
608 2730 826 2838 praedator.
892 2755 970 2837 quo
1003 2739 1213 2839 eonspeeto
1248 2730 1416 2816 minores
1452 2731 1599 2816 bestiae
1639 2731 1768 2816 subito
1808 2730 1880 2815 olio
1921 2730 1995 2815 ulio
2037 2729 2125 2814 dit·

311 2871 489 2980 fugiunt:
550 2861 673 2987 αὐτὰρ
701 2881 721 2956 ὃ
750 2879 892 2959 δάπτει.
964 2872 1233 2962 Similitudinis
1283 2872 1404 2981 igitur
1450 2873 1559 2983 quusi
1609 2901 1786 2960 summus
1829 2875 1989 2982 gradus,
2046 2873 2110 2981 qui

311 3015 443 3102 uerbis
480 3043 609 3126 neque
641 3015 801 3124 grauium
837 3017 963 3127 potuit
1001 3045 1129 3128 neque
1168 3017 1322 3129 parcius
1365 3018 1585 3126 significari,
1629 3015 1693 3103 hio
1724 3027 1805 3105 est:
1854 3019 1917 3103 leo
1948 3045 2110 3103 oeruum

313 3168 536 3272 correptum
568 3159 752 3245 dentibus
782 3159 941 3246 leniens.

1207 3522 1226 3603 l

411 3757 522 3842 Haeo
560 3755 693 3864 imago
734 3757 850 3840 etiem
893 3757 984 3842 artis
1024 3758 1285 3842 monumentis
1324 3759 1491 3866 antiquis
1534 3784 1614 3843 non
1651 3758 1772 3844 semel
1817 3729 2001 3870 expresse
2038 3766 2110 3845 est.

312 3900 500 3986 Libonius
530 3897 664 3985 rhetor
694 3900 863 4008 signum,
899 3902 1005 4009 quod
1023 3899 1249 3987 Antioohiae
1280 3902 1448 4012 insyria
1478 3885 1569 3986 eum
1599 3902 1746 3988 uidisse
1778 3903 1956 4006 conicito,
1987 3931 2112 4014 pouon

313 4048 363 4132 ud
402 4045 619 4131 laudandus
662 4045 834 4156 eorporis
881 4044 983 4130 uires
1007 4046 1218 4155 ,praefatus
1262 4044 1322 4134 his
1363 4046 1493 4132 uerbis
1534 4047 1642 4156 quusi
1673 4054 1764 4132 unte
1794 4048 1929 4134 oeulos
1958 4057 2112 4136 nostros

311 4189 421 4299 ponit
452 4196 480 4273 l.
502 4189 557 4274 IV
594 4217 630 4300 p.
657 4188 767 4274 1081
803 4186 969 4273 Reiskii:
1031 4204 1232 4294 μιμεῖσθαι
1257 4199 1298 4273 δέ
1323 4202 1437 4299 τέχνη
1465 4208 1641 4301 πειρᾶται
1675 4203 1737 4272 καί
1772 4197 1934 4274 διελθεῖν
1967 4204 2112 4273 πεπλα-

313 4329 434 4422 σμένα
454 4331 474 4400 ὁ
494 4327 606 4422 λόγος.
634 4333 673 4400 έν
691 4336 888 4427 περιφανεῖ
912 4327 1037 4400 τοίνυν
1059 4330 1165 4425 χώρῳ
1191 4333 1261 4397 τοῦ
1286 4325 1420 4407 άστεος
1447 4326 1535 4396 λέων
1556 4321 1767 4410 ἑξείκασται
1793 4329 2112 4421 συμπεπλεγμένος

313 4457 351 4524 ἐν
377 4445 452 4551 ὄρει
486 4455 576 4551 πρὸς
611 4439 765 4552 ἔλαφον.
817 4449 916 4536 άπας
952 4478 994 4524 τε
1027 4454 1095 4552 γὰρ
1124 4447 1253 4550 ἔχεται
1286 4453 1407 4532 πάσης
1437 4447 1521 4519 ιιαίι
1559 4453 1657 4520 κατὰ
1688 4458 1794 4552 μέρος
1827 4445 2027 4550 διείληφεν,
2068 4455 2112 4535 ὡς

313 4579 410 4648 ἑλεῖν
434 4583 579 4676 περιῆν·
621 4578 657 4648 οἵ
683 4603 724 4648 τε
751 4572 900 4661 ὀδόντες
925 4583 972 4678 τῆ
1000 4575 1099 4678 δειρῇ
1126 4577 1400 4674 περιπείρονται
1425 4575 1487 4644 καί
1514 4574 1557 4656 η’
1587 4581 1680 4670 κόμη
1706 4583 1769 4660 τῆς
1795 4579 1954 4678 κεφαλῆς
1980 4575 2114 4649 ἐπανί-

314 4727 457 4772 σταται
490 4702 553 4771 καὶ
579 4702 668 4796 πρὸς
693 4698 781 4785 ὅλην
815 4706 985 4774 ἁλοῦσαν
1020 4697 1220 4796 διαιρεῖται
1251 4702 1317 4782 τῆν
1343 4695 1499 4798 ἔλαφον,
1541 4701 1711 4793 στόματι
1743 4698 1917 4774 δάπτων8
1950 4702 2014 4773 καί
2040 4727 2113 4775 συ-

311 4828 428 4924 νέχων
459 4833 539 4908 τοῖς
564 4823 663 4913 ὄνυξι
688 4829 750 4898 καί
775 4827 907 4917 πιέζων
938 4834 991 4924 τῷ
1019 4825 1132 4923 λοιπῴ
1161 4826 1327 4918 σάματι·
1370 4828 1484 4925 οὐρὰν
1517 4821 1557 4898 δέ
1590 4823 1921 4925 συμπεριείλικται,
1960 4833 2022 4910 τῆς
2046 4831 2113 4922 μέν

313 4947 401 5048 παρ’
429 4953 542 5034 αὐτῆς
567 4953 700 5047 πληγῆς
726 4955 850 5023 οὐκέτι
875 4949 1056 5046 δεόμενος,
1082 4951 1166 5024 ἀντ’
1193 4946 1311 5021 ἄλλου
1333 4946 1375 5023 δὲ
1403 4951 1521 5032 αὐτὴν
1546 4950 1726 5049 ἐπιφέρων
1754 4945 1906 5046 δεσμοῦ.
1958 4957 1978 5034 ῆ
2005 4947 2037 5022 δ’
2064 4948 2113 5023 αὖ

313 5063 453 5174 ἔλαφος
478 5077 524 5146 τό
551 5079 618 5170 μέν
646 5078 751 5174 κέρας
777 5071 904 5160 ἀνῆκεν
929 5073 1051 5174 ὥσπερ
1078 5078 1275 5169 αἰτιωμένη
1301 5076 1368 5156 τὴν
1393 5081 1523 5170 φύσιν,
1558 5079 1588 5145 εἱ
1612 5069 1725 5169 μηδὲν
1749 5075 1847 5174 αὐτῇ
1873 5076 1963 5174 πρὸς
1988 5079 2114 5176 μάχην

313 5197 498 5296 έξήρκησε·
550 5202 596 5272 τὸ
624 5197 666 5272 δέ
691 5203 727 5272 οἱ
753 5201 954 5296 πρόσωπον
981 5201 1175 5298 έγκάρσιόν
1199 5203 1243 5270 τέ
1257 5200 1352 5271 ἐστι
1378 5203 1439 5269 καί
1466 5201 1554 5296 πρὸς
1579 5201 1742 5295 θάτερον
1768 5205 1919 5298 νένευκε,
1954 5203 2017 5273 καί
2043 5210 2112 5275 τοῦ

415 5401 447 5480 l)
469 5399 538 5483 καί]
561 5389 600 5486 ἣν
622 5399 688 5466 eod.
710 5400 885 5480 brustinus,
907 5401 955 5486 τῷ
978 5401 1076 5466 edidit
1097 5401 1252 5466 Reislrius.
1275 5394 1314 5462 τό
1336 5393 1417 5462 κατὰ
1437 5421 1471 5479 μ.
1490 5396 1687 5484 όιειληφέναι
1711 5400 1750 5464 ci.
1773 5398 1929 5466 Morellus.
2037 5399 2071 5484 2)
2092 5395 2111 5485 ἡ

316 5508 390 5572 ante
410 5500 496 5592 κόμη
518 5506 634 5573 addidi.
741 5509 774 5590 3)
796 5501 943 5590 στόματα
963 5507 1119 5572 δαπανῶν
1139 5507 1221 5572 libri.
