5124 6398
1322 734 1379 820 ⁶20

451 977 566 1054 leuata,
589 975 697 1041 dextra
719 975 840 1040 hastam
867 993 927 1040 non
951 974 1028 1038 satis
1049 973 1230 1038 distinctam
1252 973 1386 1056 gerente.
1409 973 1506 1039 addas
1531 991 1608 1056 quos
1630 972 1793 1038 ediderunt
1816 971 1893 1038 XIII
1904 973 2047 1038 Lasinius
2069 973 2091 1039 l.
2102 992 2126 1038 s.
2140 974 2163 1038 t.
2175 972 2252 1038 VIII

492 1084 566 1150 XIV
582 1083 695 1149 (lodus
715 1084 807 1148 inser.
829 1083 976 1167 antiquae
998 1082 1142 1148 Etruriae
1165 1083 1226 1146 uol.
1241 1081 1290 1146 111
1310 1083 1375 1148 tab.
1389 1081 1497 1146 XXXI
1551 1080 1619 1145 XV.
1641 1080 1718 1146 XVI
1740 1081 1774 1145 II.
1798 1080 1976 1146 Gerhardus
1998 1087 2064 1146 aaa
2086 1081 2253 1147 blidwcrke

450 1195 515 1260 tab.
531 1195 581 1270 79,
596 1195 653 1257 l.3
677 1194 844 1274 utrumque
865 1211 1028 1256 romanum
1051 1191 1101 1270 (er
1123 1189 1199 1255 villa
1219 1189 1373 1272 Macrian
1397 1209 1431 1254 er
1453 1189 1566 1272 quibus
1589 1190 1739 1272 quattuor
1759 1189 1920 1254 nouissimi
1942 1209 1977 1256 eo
2002 1191 2076 1254 sunt
2099 1209 2252 1255 memora-

452 1304 541 1382 bilea
564 1301 646 1386 quod
662 1301 783 1366 iuuenis
804 1299 940 1366 inberbis
963 1302 993 1364 et
1014 1299 1142 1364 inermis
1157 1299 1265 1365 dextra
1285 1299 1392 1364 leuata
1407 1315 1495 1382 opem
1517 1300 1655 1381 expetere
1668 1297 1808 1372 sidetem
1830 1297 1882 1363 sed
1897 1299 2004 1364 tamen
2019 1299 2139 1364 cinctus
2154 1297 2252 1364 leonis

452 1411 497 1494 (n.
512 1410 728 1488 XIV-XVI),
762 1409 986 1492 amphitheatri
1014 1407 1164 1472 indicium
1189 1407 1241 1484 (cf.
1266 1407 1416 1490 Stephani
1437 1407 1458 1471 1.
1481 1407 1529 1489 a),
1562 1407 1716 1472 monstrat
1748 1406 1828 1472 hanc
1857 1405 2099 1490 discrepantiam
2130 1425 2192 1477 nou
2218 1423 2254 1472 eo

451 1521 555 1587 ualere
577 1537 673 1602 posse,
696 1519 732 1582 ut
751 1519 806 1582 hos
829 1517 978 1600 quattuor
1000 1535 1018 1582 a
1039 1516 1167 1598 reliquis
1188 1535 1392 1581 secernamus.

551 1635 668 1718 Hunc
699 1629 1030 1742 sarcophagorum
1065 1641 1244 1715 ornatum
1265 1659 1313 1714 ex
1334 1631 1606 1716 uacationibus
1637 1627 1909 1741 amphitheatri
1931 1629 2140 1740 repetitum
2163 1657 2249 1715 esse

453 1776 689 1889 Stephanius
726 1777 927 1862 uerissime
968 1804 1061 1861 sane
1098 1776 1311 1861 contendit.
1370 1774 1490 1884 idque
1530 1775 1690 1883 egregie
1733 1776 1982 1860 confirmatur
2021 1769 2251 1885 anaglyphis

452 1953 491 2008 11.
515 1924 706 2008 X—XII.
744 1947 872 2029 neque
903 1919 1007 2004 enim
1038 1919 1163 2003 aliena
1193 1949 1216 2004 a
1246 1921 1381 2004 funere
1414 1921 1665 2004 uenationum
1693 1920 1846 2004 illarum
1876 1919 2062 2005 memoria
2092 1925 2164 2017 est,
2199 1918 2253 2003 si-

455 2066 615 2177 quidem
652 2066 693 2149 in
730 2063 875 2149 inferiis
916 2089 996 2148 non
1032 2063 1292 2170 gladiatorum
1334 2063 1460 2150 solum
1499 2091 1663 2148 munere
1710 2066 1780 2150 sed
1823 2064 2053 2150 uenationes
2097 2089 2253 2170 quoquc

454 2233 779 2313 nonnumquam
811 2205 933 2291 editas
964 2232 1051 2290 esse
1083 2198 1272 2304 constatl,
1306 2214 1344 2289 et
1376 2232 1493 2316 saepe
1526 2234 1690 2290 numero
1721 2234 1881 2292 scaenas
1903 2207 2252 2320 amphitheatrales

454 2353 555 2439 inter
589 2359 814 2437 ornarnenta
854 2350 1121 2460 sepulcrorum
1159 2349 1296 2435 aetatis
1334 2349 1556 2460 posterioris
1587 2351 1868 2460 repraesentari
1907 2349 2103 2461 hodieque
2140 2353 2252 2439 uide-

453 2495 580 2583 mus².
641 2505 814 2581 attamen
847 2495 955 2580 haud
985 2493 1064 2580 acio
1095 2523 1145 2578 an
1175 2493 1329 2578 fallatur
1360 2493 1392 2578 si
1429 2493 1515 2601 quis
1548 2493 1646 2578 haec
1678 2495 1730 2579 nil
1763 2495 1835 2580 nisi
1866 2507 2068 2581 recentem
2097 2497 2252 2609 amphi-

454 2640 595 2727 theatri
626 2639 855 2725 memoriam
885 2639 1029 2748 spirare
1067 2639 1260 2748 opinetur.
1295 2663 1370 2745 ego
1397 2638 1429 2721 si
1456 2666 1610 2722 mecum
1640 2640 1767 2724 recolo
1800 2667 1897 2747 quae
1927 2669 2045 2752 supra
2067 2642 2253 2754 conposui

455 2797 495 2874 et
525 2793 614 2898 post
640 2785 814 2869 dietmus
835 2811 935 2883 sum,
968 2811 1047 2867 non
1077 2810 1239 2892 possum
1272 2781 1366 2890 quin
1396 2781 1495 2868 haec
1526 2781 1861 2895 amphitheatralis
1892 2785 2096 2894 antiquum
2119 2814 2252 2872 exem-

456 2932 541 3044 plar
569 2932 621 3014 ad
658 2927 877 3040 praesentia
906 2926 1046 3012 leniter
1076 2926 1262 3011 inflexum
1290 2929 1437 3013 referre
1469 2938 1648 3014 statuam.
1693 2939 1783 3015 sunt
1814 2931 1943 3028 etiam,
1977 2959 2076 3040 quas
2107 2931 2251 3018 abhor-

456 3086 567 3162 reant
612 3076 662 3160 ab
706 3073 770 3159 illa
809 3072 1077 3182 explicatione,
1128 3101 1207 3158 non
1248 3072 1374 3157 solum
1415 3087 1568 3159 etrusca
1612 3073 1737 3181 qualia
1777 3083 1867 3160 ante
1907 3076 2134 3180 memoraui,
2182 3079 2252 3164 sed

456 3250 618 3308 romana
649 3246 817 3328 quoque.
857 3216 997 3302 siluam
1026 3216 1149 3302 habes
1180 3218 1334 3303 duabus
1363 3217 1565 3302 arboribus
1595 3217 1854 3325 significatam
1884 3219 1923 3304 in
1956 3221 2139 3331 operculo
2169 3249 2252 3307 ear-

457 3365 626 3477 cophagi
656 3363 698 3447 in
729 3371 860 3474 crypta
891 3391 920 3448 s.
941 3361 1086 3446 huciae
1121 3357 1302 3473 rependi,
1334 3361 1374 3444 in
1407 3389 1484 3470 quo
1514 3388 1608 3472 apro
1639 3390 1826 3474 oppresso
1848 3364 1910 3450 leo
1937 3364 2047 3452 uidet
2067 3367 2141 3453 eibi
2162 3396 2252 3452 oum

456 3510 617 3598 homine
656 3507 809 3594 hastato
849 3507 1105 3618 pugnandum
1146 3534 1232 3592 esse
1271 3516 1310 3591 et
1341 3516 1475 3592 contra
1509 3534 1599 3626 eum
1630 3508 1821 3615 adsurgit,
1874 3508 2038 3592 alterum
2068 3509 2107 3593 in
2140 3519 2253 3618 tergo

317 3737 319 3744 .
458 3653 768 3765 appropinquare
800 3679 878 3736 nou
910 3648 1040 3736 sentit.
1110 3650 1213 3735 Illud
1246 3676 1401 3758 quoque
1428 3646 1678 3761 anaglpphon
1710 3654 1816 3759 quod
1847 3652 1938 3738 olirn
1968 3653 2007 3737 in
2038 3653 2129 3738 uilla
2159 3653 2251 3739 iulia

458 3796 624 3907 Pighius
659 3795 758 3880 uidit
793 3803 832 3879 et
868 3786 1117 3894 delineauit4,
1168 3793 1442 3904 sepulcraliunr
1479 3793 1520 3878 in
1533 3875 1535 3882 ,
1549 3822 1712 3880 numero
1741 3824 1857 3906 ponc,
1902 3825 1980 3881 uon
2010 3798 2253 3884 uotiuorum:

457 3943 498 4027 iu
530 3968 606 4051 quo
639 3969 729 4024 curn
760 3939 822 4023 leo
852 3940 998 4023 bouem
1029 3936 1200 4038 dilaniet,
1254 3964 1350 4046 ager
1381 3965 1506 4048 paene
1539 3937 1713 4048 picturae
1751 3939 2006 4050 pompeianae
2045 3942 2163 4026 modo
2193 3940 2253 4025 in·

461 4089 624 4176 dicatur.

1338 4401 1373 4484 ll

560 4609 736 4693 Tandem
777 4609 987 4718 aliquando
1026 4621 1227 4717 amquam
1265 4635 1335 4719 per
1374 4609 1560 4695 siluarum
1603 4607 1834 4692 densitatem
1874 4607 2034 4714 longam
2073 4608 2177 4692 uiam
2216 4616 2255 4692 et

459 4752 674 4837 flexuosam
703 4751 850 4836 emensi
872 4751 1110 4860 emergimus
1132 4752 1171 4836 in
1190 4750 1331 4836 lucem.
1364 4751 1594 4861 relinquitur
1625 4751 1729 4836 enim
1758 4778 1880 4834 unum
1911 4759 2254 4839 monumentorum

459 4935 756 4948 ——--.-.

562 5026 592 5108 1)
616 5025 654 5091 cr.
678 5025 804 5092 cassius
826 5027 886 5091 oro
908 5027 1014 5092 anm
1029 4994 1122 5104 aaa]

559 5135 593 5216 2)
615 5134 653 5199 er.
676 5133 881 5212 conserua,
903 5135 1092 5200 mauman
1114 5137 1148 5200 a·
1168 5137 1308 5222 reapse
1329 5141 1353 5204 s.
1370 5141 1542 5220 arnual
1566 5161 1647 5206 aaa
1669 5139 1740 5206 aare
1763 5141 1838 5206 aar.
1860 5138 1909 5204 111
1933 5139 1955 5204 r.
1968 5137 2137 5204 xxxvrn
2161 5138 2233 5204 ana.

559 5244 594 5323 a)
616 5241 713 5308 mins
735 5242 761 5308 1.
782 5243 821 5307 a.
843 5243 881 5308 aa
900 5243 1000 5320 noar,
1022 5243 1125 5309 aona
1145 5251 1338 5314 sonarem
1362 5250 1455 5316 uorr
1476 5252 1540 5317 nn.
1557 5249 1673 5328 sarr,
1689 5251 1718 5313 a.

561 5353 596 5434 4)
617 5349 715 5418 edidit
736 5351 871 5432 O.lahn‚
890 5345 1003 5418 annali
1025 5351 1097 5420 dell’
1121 5354 1194 5420 aad.
1219 5358 1299 5422 1852
1323 5359 1384 5424 nol.
1401 5357 1506 5424 XXIV
1528 5359 1592 5424 tab·
1606 5357 1648 5434 K,
1670 5355 1897 5439 crispare,
1920 5355 2052 5424 hariolae
2073 5356 2130 5422 der
2151 5355 2252 5422 arichs.

460 5459 617 5546 peseliscd.
642 5461 723 5526 1868
746 5460 808 5527 uel.
824 5461 884 5526 XX
906 5480 935 5544 p.
953 5463 1069 5546 l90sq.
