5124 6398
1329 710 1388 796 40

458 955 549 1042 helia
580 954 703 1042 secuti
745 953 924 1064 exempla
959 947 1232 1040 infestissime
1265 953 1476 1037 daemonas
1511 950 1739 1060 corporibus
1777 949 1936 1037 leonum
1982 951 2257 1052 instnmerant,

457 1099 580 1186 ueluti
618 1096 864 1184 Chimaeram
897 1099 1129 1182 daemonem
1156 1094 1389 1194 hibernum,
1433 1095 1542 1182 cuins
1573 1094 1831 1206 portentosior
1867 1097 1994 1203 ligura
2029 1124 2138 1184 mero
2176 1105 2258 1205 ety-

458 1245 651 1354 mologiae
681 1242 878 1356 popularis
908 1240 1076 1326 ludibrio
1107 1248 1198 1324 nata
1239 1249 1319 1326 est:
1367 1267 1484 1348 quarn
1514 1237 1581 1348 qui
1610 1239 1752 1324 occidit
1780 1239 2107 1351 Bellerophontes
2139 1240 2258 1326 etiam

458 1387 781 1500 Leontophontee
812 1394 872 1472 θεῖ
904 1385 1029 1472 dictus
1043 1382 1069 1468 ¹.
1131 1384 1242 1470 mitto
1274 1383 1424 1468 fabulas
1454 1383 1582 1484 trites,
1630 1380 1834 1468 herculeas
1866 1387 2122 1492 cyrenaeam²
2153 1384 2257 1470 abae.

562 1533 641 1622 Sed
673 1533 796 1618 Orcus
833 1531 917 1616 siue
947 1528 1127 1616 immanis
1157 1529 1240 1616 eine
1270 1529 1353 1612 fera
1388 1527 1596 1635 quominus
1627 1527 1774 1612 animae
1813 1529 2088 1613 defunctorum
2121 1555 2257 1614 omnes

461 1680 620 1780 auferat,
661 1679 759 1760 deus
788 1673 1038 1762 caelestisne
1068 1673 1243 1760 salutifer
1272 1670 1448 1782 impedit.
1495 1673 1601 1780 quod
1632 1699 1712 1757 non
1742 1672 1905 1756 dubium
1937 1643 2009 1772 est,
2042 1673 2135 1782 quin
2156 1673 2258 1756 Her-

460 1824 556 1912 culis
588 1849 731 1908 munus
763 1848 848 1906 esse
879 1818 1099 1904 Phoenices
1134 1824 1290 1902 ueteres
1321 1806 1567 1926 putauerint:
1619 1817 1776 1924 quando
1816 1816 1975 1924 quidem
2005 1815 2079 1928 ipsi
2118 1815 2259 1901 Graeci

458 1967 673 2058 Herculem
716 1993 806 2052 cum
841 1965 967 2050 Morte
1011 1963 1200 2048 luctatum
1244 1969 1284 2045 et
1322 1987 1371 2045 ex
1413 1960 1514 2046 Orco
1557 1958 1725 2044 bestiam
1763 1959 1957 2044 infernam
1994 1961 2045 2044 ad
2095 1986 2258 2068 superos

461 2112 673 2198 deduxisse
705 2111 967 2197 crediderunt.
1021 2108 1100 2192 iam
1119 2134 1215 2192 uero
1236 2103 1385 2190 Xanthi
1419 2103 1461 2188 in
1481 2102 1601 2212 Lydia
1621 2101 1934 2210 antiquissimum
1964 2103 2170 2188 inuentum
2200 2111 2260 2188 est

456 2264 755 2344 monumentum
786 2252 1015 2366 sepulcrale,
1048 2252 1088 2336 in
1122 2250 1230 2336 cuins
1260 2251 1381 2336 latere
1418 2246 1646 2332 occidentali
1678 2247 1830 2334 iuuenis
1862 2249 1993 2334 nudus
2025 2277 2115 2334 cum
2144 2247 2258 2332 leone

459 2401 671 2488 colluctans
718 2429 838 2485 manu
878 2395 1103 2482 nrdiuscula
1144 2393 1360 2503 insculptus
1409 2402 1468 2477 est
1479 2389 1507 2474 ³.
1584 2390 1797 2476 Herculem
1841 2403 2000 2476 rectene
2048 2421 2098 2476 an
2144 2420 2257 2478 secus

455 2545 567 2630 illum
598 2546 717 2628 deum
750 2543 950 2638 dicamus‚'
969 2569 1048 2625 uon
1083 2540 1217 2648 liquet.
1279 2538 1350 2622 sed
1388 2535 1664 2644 grauissimrmr
1696 2537 1809 2633 duco,
1847 2537 1952 2644 quod
1982 2535 2022 2619 in
2061 2565 2106 2620 ea
2140 2546 2255 2636 terra,

416 2685 417 2688 ‘
456 2689 497 2774 in
535 2719 610 2800 qne
639 2687 885 2798 Assyriorum
913 2685 1233 2792 Phoenicumque
1268 2681 1446 2792 exempla
1466 2688 1638 2769 ,tantum
1668 2678 1837 2764 ualuisse
1870 2679 2060 2782 uidimus,
2101 2680 2257 2764 leonem

457 2853 481 2920 'a
512 2837 586 2920 deo
617 2831 883 2946 perdomitum
914 2832 1017 2916 inter
1053 2837 1280 2914 ornamenta
1308 2825 1476 2936 sepulcri
1508 2823 1654 2932 antiqui
1683 2823 2028 2934 deprehendimus.
2073 2823 2256 2912 Sidonius
2302 2835 2306 2842 '

456 2982 521 3068 ille
557 2979 750 3092 Antipatri
781 2978 929 3064 amicus
960 3004 1052 3062 sane
1083 3001 1163 3058 non
1192 2972 1321 3083 ipsum
1352 2973 1492 3070 deum,
1525 2969 1595 3052 sed
1626 2967 1788 3074 genium
1817 2969 1899 3053 siue
1930 2968 2116 3076 angelum
2151 2970 2255 3054 Her-

457 3125 554 3213 culis
582 3126 667 3212 loco
696 3123 839 3235 posuit.
913 3127 1042 3228 neque
1072 3127 1201 3203 tamen
1231 3117 1272 3200 in
1305 3144 1352 3200 ea
1382 3142 1424 3197 re
1455 3113 1675 3198 deseruisse
1705 3111 1848 3223 patrias
1878 3111 2079 3223 opiniones
2116 3121 2276 3224 putam·

458 3273 533 3356 due
567 3280 637 3355 est.
699 3295 776 3378 quo
809 3247 913 3353 enim
945 3264 1034 3376 plus
1062 3262 1275 3348 maiestatis
1315 3258 1465 3346 numini
1500 3257 1704 3358 tribuitur,
1746 3285 1792 3342 eo
1822 3258 1950 3343 minus
1980 3259 2099 3344 rebus
2128 3259 2256 3366 quoti-

459 3414 583 3500 dianis
613 3413 855 3498 intercedere
886 3409 1140 3511 existimatur,
1172 3407 1242 3491 sed
1270 3403 1449 3513 quotiens
1469 3427 1605 3513 preces
1635 3399 1826 3485 hnmanae
1848 3401 2074 3504 exaudierit,
2106 3400 2256 3487 minora

457 3560 611 3646 mittere
649 3559 810 3643 numina
840 3582 943 3666 quae
973 3553 1095 3664 ipsius
1127 3552 1212 3637 uice
1246 3553 1473 3655 fungantur.
1533 3545 1574 3630 in
1606 3574 1683 3654 quo
1716 3573 1838 3630 censu
1879 3554 1917 3630 et
1956 3549 2061 3657 apud
2099 3558 2255 3634 nostrae

457 3704 624 3792 familiae
654 3703 819 3814 populos
864 3708 903 3784 et
942 3699 1046 3808 apud
1078 3695 1244 3783 Semitas
1277 3691 1506 3804 praesertim
1547 3691 1586 3773 di
1625 3717 1784 3790 manee,
1825 3699 1980 3799 patrum
2021 3691 2172 3801 piorum
2216 3702 2256 3777 et

456 3851 559 3933 bene
608 3846 836 3931 meritorum
892 3843 1044 3929 animae
1097 3843 1233 3924 beatae
1279 3847 1317 3922 et
1362 3835 1464 3920 inter
1514 3833 1701 3920 caelestes
1745 3843 1947 3944 receptae,
1993 3832 2252 3921 habebantur.

457 3993 635 4078 Heroum
659 3989 785 4098 igitur
816 3995 856 4072 et
887 3986 1093 4094 geniorum
1124 3993 1276 4067 maturo
1306 3990 1483 4090 tempore
1514 3979 1748 4086 credebatur
1779 4005 1887 4078 esse,
1920 3977 2013 4064 olim
2051 3981 2156 4088 quod
2189 3979 2253 4064 dei

456 4137 579 4250 ipsius
609 4137 748 4235 fuerat,
779 4141 824 4216 nt
853 4131 1068 4215 animarum
1100 4127 1267 4213 salutem
1294 4132 1523 4210 tutarentur.
1576 4125 1659 4207 lem
1683 4122 1912 4232 persenties,
1947 4151 2063 4230 quam
2094 4123 2254 4233 egregie

458 4475 555 4550 cuins,
584 4473 621 4537 ut
642 4491 699 4556 ego
721 4471 810 4536 testis
832 4488 910 4547 sum,
941 4469 1034 4550 caput
1060 4468 1092 4530 et
1113 4465 1216 4530 ceruix
1240 4463 1337 4528 lconis
1360 4463 1442 4542 sunt,
1472 4479 1507 4525 ex
1529 4461 1661 4541 utraque
1685 4457 1782 4523 umeri
1812 4457 1900 4539 perte
1922 4457 2046 4522 minora
2066 4455 2128 4522 duo
2150 4459 2255 4541 capita

457 4583 569 4650 canina
597 4601 659 4647 una
689 4599 759 4646 cum
781 4577 915 4662 singulis
941 4575 1135 4658 serpentibus
1165 4573 1309 4638 oriuntur
1341 4569 1401 4647 (ed.
1425 4569 1501 4634 Ant.
1524 4567 1639 4651 Nibby,
1667 4587 1750 4632 mon.
1776 4565 1863 4632 scelti
1890 4563 1974 4632 delle
1994 4563 2071 4630 eitra
2093 4563 2255 4650 Bcrpbese

456 4693 522 4760 tab.
537 4693 588 4771 39,
610 4690 664 4774 qui
684 4691 789 4755 tamur
812 4708 840 4772 p.
859 4688 920 4752 129
941 4686 979 4752 de
1001 4685 1101 4767 capite
1121 4683 1245 4748 leonino
1265 4679 1375 4762 ῖεθθῖ).

557 4802 589 4882 1)
611 4801 650 4865 cl.
673 4799 768 4864 schol·
791 4797 820 4863 L
846 4795 878 4860 V
894 4795 983 4861 Iliad.
1006 4794 1039 4857 Z
1057 4794 1115 4858 155
1137 4811 1167 4875 p.
1184 4790 1261 4856 183b
1284 4791 1335 4853 42.
1358 4788 1436 4854 nihil
1460 4788 1519 4854 uisi
1541 4785 1806 4870 neglegentiorem
1830 4783 1980 4850 artificem
2002 4784 2146 4860 testatur,
2170 4783 2252 4868 quod

455 4911 488 4976 in
510 4914 625 4976 tessera
654 4909 800 4993 plumbea
822 4905 1003 4972 Chimaerae
1031 4921 1126 4966 unum
1156 4902 1280 4966 tantum
1309 4899 1403 4980 caput
1424 4895 1522 4962 leonia
1544 4893 1709 4978 affingitur
1730 4893 1842 4974 (edidit
1863 4893 1901 4958 R.
1924 4891 2083 4972 Gaudeat,
2104 4893 2255 4974 tpiornbt

457 5019 576 5086 entieti
597 5019 661 5084 tab.
677 5018 710 5082 11
734 5017 797 5099 15).

556 5127 589 5210 2)
611 5125 799 5192 testimoniis
826 5124 908 5188 nobis
939 5121 1068 5189 arcemn
1096 5120 1289 5203 epigramma
1317 5133 1500 5200 cyrenaeum
1522 5105 1674 5198 Κυρήνην
1703 5103 1924 5195 trenorcium
1952 5108 2093 5191 aGarpo
2118 5108 2252 5194 quodam

456 5237 632 5304 dedicatam
654 5253 838 5313 memorans,
861 5232 898 5298 cl.
915 5231 1062 5297 Smithet
1075 5229 1219 5304 Porcher‚
1241 5226 1362 5309 history
1383 5225 1421 5306 of
1434 5223 1485 5289 tte
1504 5228 1606 5288 recent
1628 5222 1817 5288 discoveriee
1840 5226 1873 5286 ot
1896 5219 2016 5302 (bflene
2037 5239 2066 5283 n.
2082 5220 2120 5283 19
2141 5219 2252 5301 plll.

556 5349 589 5427 3)
610 5345 709 5411 edidit
723 5343 862 5420 Itellows,
884 5363 906 5407 α
918 5341 1053 5422 joumal
1072 5339 1197 5404 written
1218 5337 1337 5419 ἀνήη)
1358 5355 1402 5400 en
1421 5333 1585 5398 exarsae
1607 5333 1643 5396 in
1663 5331 1745 5396 Λεία
1767 5331 1872 5395 adrwr
1894 5327 2004 5409 (hond.
2029 5327 2123 5404 1839)
2145 5347 2173 5409 p.
2191 5327 2252 5391 226

455 5457 488 5523 et
509 5477 553 5522 cn
574 5459 703 5523 account
724 5454 797 5518 cett.
818 5451 883 5517 tab.
904 5452 1038 5534 paginae
1063 5449 1124 5514 176
1145 5447 1276 5525 adiecta,
1299 5445 1531 5512 accuratissime
1552 5441 1701 5508 Prachow
1723 5441 1743 5505 l.
1766 5459 1789 5506 ε.
1813 5441 1837 5504 t.
1853 5439 1879 5517 I,
1905 5442 1931 5504 1.
