5124 6398
1187 713 1244 800 39

316 955 455 1042 Illonis
484 955 687 1041 Danorum
716 953 844 1042 insula
874 952 1010 1068 cippus
1041 955 1268 1068 sepulcralis
1298 957 1444 1044 secordi
1469 961 1527 1044 Xl
1558 957 1742 1047 inuentus
1774 969 1846 1063 est,
1875 960 1915 1046 in
1947 991 2024 1072 quo
2054 963 2117 1049 lec

317 1097 538 1200 hominem,
576 1099 685 1186 cuius
719 1099 837 1186 etiam
877 1108 994 1212 caput
1024 1100 1215 1203 cernitur,
1247 1104 1446 1188 deuoretl.
1508 1111 1625 1212 atque
1657 1101 1734 1190 hoc
1762 1073 1998 1214 figmentum
2028 1133 2117 1194 sex·

319 1243 492 1330 centiens
528 1243 780 1330 ecclesiarum
822 1244 1060 1331 ornamentis
1104 1245 1324 1332 adhibitum
1365 1244 1462 1332 astl.
1525 1246 1643 1333 etiam
1673 1249 1902 1336 Bemmdus
1938 1250 2119 1362 Orcegna

319 1415 408 1472 eum
439 1386 662 1472 Florentiae
699 1388 740 1472 in
772 1387 937 1474 ecelesia
973 1418 1004 1474 s.
1025 1389 1171 1474 Mariae
1201 1390 1357 1477 nouella
1386 1391 1609 1477 ἰιιΙιιιιιιιιιιι3
1640 1393 1884 1505 depingeret,
1915 1394 1957 1480 in
1984 1396 2118 1482 inleri-

318 1559 384 1618 ore
421 1531 579 1643 parietis
615 1541 724 1642 parte
755 1532 931 1618 medium
963 1533 1147 1621 Salonam
1178 1535 1307 1647 posuit
1345 1535 1506 1621 immani
1545 1537 1667 1622 leonis
1709 1537 1833 1649 capite
1869 1537 2116 1643 instructum,

320 1676 381 1763 cui
412 1675 630 1762 animarum
668 1679 944 1764 deuoratarum
983 1681 1107 1792 pedes
1152 1707 1200 1765 ex
1242 1706 1309 1766 ore
1350 1682 1538 1791 pendenti
1612 1681 1736 1767 Orcus
1778 1681 1898 1792 igitur
1928 1692 2119 1794 quotquot

317 1818 465 1904 animas
493 1817 650 1930 recipit,
695 1827 896 1927 tamquam
935 1819 999 1906 leo
1034 1822 1224 1908 deuorare
1256 1837 1295 1908 et
1324 1831 1436 1909 uasto
1465 1831 1603 1909 uentre
1634 1827 1804 1910 condere
1835 1826 2007 1914 creditus
2045 1835 2117 1914 est.

317 1964 352 2048 A
395 1991 472 2074 qua
509 1963 691 2074 opinione
727 1992 778 2049 ne
809 1964 950 2050 Graeci
992 1965 1153 2073 quidem
1188 1966 1417 2078 praesertim
1455 1966 1588 2074 asiani,
1617 1968 1775 2055 omnino
1801 1967 2118 2056 abbonuenmt

318 2138 369 2195 an
401 2107 602 2194 diuersum
638 2116 721 2210 est,
763 2137 852 2194 cum
880 2108 1019 2212 Diana,
1059 2137 1175 2220 quern
1204 2111 1432 2197 mulieribus
1467 2119 1636 2198 mortem
1667 2113 1819 2221 sagittis
1856 2113 1936 2201 suis
1965 2115 2119 2200 mittere

317 2254 506 2354 ferebant,
537 2252 599 2337 leo
630 2251 784 2340 faminis
816 2281 901 2339 esse
939 2253 1080 2339 dicitur
1111 2284 1135 2338 a
1161 2256 1313 2340 Iunone
1342 2255 1448 2340 illam
1477 2255 1702 2367 increpante
1733 2273 1764 2341 Φ
1790 2257 1878 2344 483

967 2391 1044 2464 ἐπεὶ
1072 2419 1114 2464 σε
1142 2395 1278 2466 λέοντα
1303 2391 1463 2490 γυναιξὶν

694 2518 785 2600 Ζεὺς
807 2516 917 2599 θῆκεν
942 2520 1004 2591 καὶ
1032 2515 1135 2592 ἔδακε
1162 2523 1404 2612 κατακτάμεν
1429 2517 1472 2602 ἥν
1497 2523 1527 2591 κ’
1556 2523 1759 2622 relapsae,

320 2655 360 2732 et
397 2675 486 2731 cum
529 2649 578 2732 ab
614 2647 876 2734 Ambraciotis
913 2647 1063 2734 Dianae
1101 2660 1304 2757 agroterae
1342 2647 1479 2733 leaena
1519 2658 1667 2736 sacrata
1706 2644 1816 2736 est4‘l
1860 2651 1954 2738 hinc
1993 2659 2119 2738 aetate

321 2788 532 2877 Gaesamm
563 2787 681 2874 etiam
717 2787 889 2876 Cerbero
924 2789 1009 2876 cani
1044 2787 1202 2901 tricipiti
1233 2799 1348 2901 ceput
1387 2790 1509 2878 leonis
1547 2789 1812 2878 tribuemntl:
1854 2793 1947 2880 clim
1992 2794 2120 2880 oden·

421 3158 453 3238 1)
475 3153 558 3221 uidit
578 3153 723 3221 Hauniae
745 3173 855 3239 meque
877 3155 1040 3221 certiorem
1062 3153 1136 3220 feeit
1158 3153 1193 3220 Il.
1209 3173 1239 3219 ν.
1258 3153 1361 3236 Duhn,
1384 3154 1423 3220 ct.
1439 3152 1473 3221 O.
1486 3153 1689 3240 Engelhardt,
1711 3157 1770 3223 dus
1790 3177 1930 3224 υιιιεεικιι
1949 3157 2006 3240 far
2025 3159 2117 3225 nord.

320 3265 556 3334 cumbam
541 3285 579 3330 ιιι
603 3261 813 3349 (λιμοκΙσμεκ
833 3263 945 3346 (1872)
966 3284 996 3347 p.
1012 3265 1109 3347 38sq.

420 3379 453 3454 2)
475 3375 565 3441 uelut
594 3374 719 3459 Capuae
746 3374 785 3441 cf.
813 3371 1302 3452 sustentamentis
1331 3371 1387 3438 der
1416 3369 1510 3438 tanc
1539 3373 1593 3438 des
1622 3373 1853 3440 mueldtere'
1841 3395 1876 3440 ιιι
1912 3301 2123 3442 Unten’tuliea

320 3487 384 3554 tab.
403 3485 510 3550 LXIII
533 3505 563 3550 ιι.
579 3483 666 3564 XIV,
698 3484 760 3566 (leo
783 3484 866 3550 nudo
888 3483 1006 3550 bomini
1027 3481 1194 3566 incubans)
1215 3479 1288 3546 LXI
1308 3501 1339 3545 ιι.
1351 3481 1446 3558 VIII;
1480 3480 1586 3547 Turiei
1615 3482 1654 3547 αΙ.
1677 3483 1711 3548 ΙΙ.
1735 3483 1852 3563 Keller,
1884 3483 2123 3569 mittbeihmpen

321 3595 377 3662 δικ
400 3597 519 3678 antiqu.
540 3592 733 3679 praeibat.
720 3615 757 3660 ιιι
778 3593 946 3672 Zaba'cbl,
969 3593 1026 3668 21,
1048 3589 1230 3657 Vormatiaa
1255 3589 1294 3655 cl.
1317 3589 1419 3674 Piper,
1441 3591 1567 3674 ικμλΙολ
1587 3591 1643 3658 (λεν
1665 3591 1781 3659 ebba.
1803 3591 1896 3660 burst
1919 3596 1947 3675 1,
1962 3595 2036 3661 407.
2057 3595 2121 3662 alis

320 3704 361 3770 Η.
384 3704 556 3770 Hettnorus
578 3705 731 3770 memorat
752 3703 785 3767 in
808 3701 957 3768 Ldtzonii
978 3700 1121 3767 zeitschr.
1140 3699 1198 3780 fer
1218 3697 1363 3765 Ιίλάακδο
1382 3700 1475 3766 kunst
1496 3700 1558 3766 ucl.
1574 3699 1653 3766 VIII
1675 3702 1843 3787 p.311sq.,
1874 3703 1927 3786 qui
1950 3703 1992 3769 ib.
2015 3704 2123 3787 p.313

321 3808 368 3880 da'
370 3783 552 3880 rationibus
581 3811 733 3878 eiusmodi
759 3812 1013 3878 ornamentorum
1040 3810 1123 3876 recte
1143 3807 1272 3874 iudicat.
1248 3805 1571 3873 tParmemorabile
1591 3807 1660 3888 hoc,
1691 3807 1812 3890 quode
1795 3809 1892 3874 etiam
1913 3809 2004 3874 uetus
2025 3807 2122 3874 lconis

322 3923 353 3988 t
374 3940 460 3986 carm
481 3920 675 4005 symplegma
697 3920 771 3986 Itali
794 3919 958 3986 christiani
980 3918 1144 3996 iterarunt,
1122 3915 1206 3982 tot
1228 3916 1356 3983 Schultz
1378 3917 1446 3982 Is.
1469 3915 1566 3982 t.XX
1588 3936 1619 3981 n.
1631 3916 1702 3983 VII.

421 4028 496 4114 3)c
479 4028 519 4096 ct
540 4028 577 4094 ds
598 4028 657 4093 hac
680 4029 744 4112 pict
745 4047 802 4094 ura
823 4027 888 4093 Iac.
901 4024 1109 4104 Burckhardt,
1133 4023 1281 4091 (Ιοονονιο
1301 4043 1330 4107 p.
1345 4023 1462 4107 772ιρ
1486 4024 1532 4090 ad.
1544 4025 1576 4089 Π
1612 4025 1647 4090 ΙΙ.
1661 4024 1792 4108 Kugler,
1813 4025 1914 4110 peret.
1936 4024 1967 4091 d.
1993 4025 2124 4092 calae·

322 4139 462 4223 Ipsos
483 4137 530 4204 ed.
546 4137 588 4202 II.

420 4247 455 4328 4)
477 4247 565 4312 cuius
588 4245 631 4312 rai
653 4245 759 4312 aetion
779 4244 936 4311 Nicander
956 4262 1006 4326 ap.
1018 4243 1214 4308 Antoninum
1230 4241 1402 4308 Liberalem
1424 4243 1624 4323 stromat,
1648 4243 1696 4308 dis
1716 4244 1827 4322 tribua,
1849 4243 1996 4327 Apolline
2019 4245 2123 4312 Diana

322 4356 467 4436 Hercula,
497 4357 535 4423 da
558 4355 728 4422 Ambracia
750 4354 953 4432 certantibus,
985 4371 1041 4420 sua
1062 4353 1132 4418 iura
1154 4352 1289 4419 Dianam
1312 4351 1356 4416 sic
1376 4351 1557 4430 delenitam,
1589 4345 1645 4417 ὅτε
1668 4343 1832 4429 Φάλαικος
1856 4346 2045 4436 ἐτυράννευε
2066 4355 2124 4440 τῆς

322 4459 463 4544 πόλεως,
495 4456 628 4542 οδδενδς
649 4455 749 4529 αδτδν
770 4461 949 4546 δυναμένου
975 4456 1057 4526 κατά
1086 4459 1161 4538 δέος
1187 4451 1313 4525 ἀνελεῖν
1341 4450 1422 4545 otiari
1450 4462 1680 4546 κυνηγετοῦντι
1698 4461 1746 4546 τῷ
1774 4459 1927 4548 Φαλαίκῳ
1954 4465 2124 4551 προφῆναι

322 4565 464 4656 σκύμνον
483 4571 624 4652 λέοντος,
651 4563 871 4653 άναλαβὸνιος
889 4567 925 4636 δὲ
946 4563 1072 4647 εἰςτὰς
1093 4571 1204 4652 χεῖρας
1225 4565 1397 4652 ἐκδραμεῖν
1417 4567 1533 4654 ἕντῆς
1554 4563 1631 4655 ’ὅλης
1657 4565 1733 4654 τήν
1758 4568 1914 4656 μητέρα
1942 4571 1997 4637 καὶ
2017 4593 2124 4655 προσ·

322 4683 490 4748 πεσοῦσαν
517 4671 691 4764 ἀναρρῆξαι
719 4675 760 4744 τὰ
791 4677 907 4764 στέρνα
938 4680 998 4744 τοῦ
1022 4676 1198 4759 Φαλαίκου,
1225 4674 1303 4755 τούς
1329 4677 1357 4743 δ’
1386 4669 1635 4762 Ἀμβρακιώτας
1662 4673 1860 4766 ἐκφυγόνιας
1887 4675 1949 4766 τήν
1975 4679 2124 4746 δουλείαν

320 4781 526 4875 ’Ἄρτεμιν
553 4785 764 4876 ἡγεμόνην
794 4781 984 4871 ἱλάσασθαι,
1024 4785 1079 4852 καὶ
1103 4785 1413 4872 ποιησαμένους
1434 4779 1684 4874 Ἀγροτέρης
1712 4783 1893 4872 εἴκασμα
1917 4784 2125 4877 παραστή-

323 4904 477 4966 σασθαι
497 4893 667 4980 χάλκεον
686 4889 796 4983 calepi
817 4899 942 4984 θῆρα.
965 4895 1063 4963 Aliud
1079 4896 1125 4962 est
1138 4895 1192 4962 sed
1212 4896 1296 4963 idem
1317 4898 1491 4965 exoriente
1511 4901 1659 4976 tractum,
1680 4917 1751 4965 cum
1774 4899 1881 4966 leaena
1892 4900 2020 4967 Veneris
2034 4919 2124 4967 secra

321 5008 464 5088 habetur,
493 5009 531 5074 de
552 5027 615 5092 qua
636 5027 669 5074 re
691 5010 782 5074 acuta
803 5025 901 5090 nuper
924 5006 960 5072 u.
981 5005 1087 5072 Iacobi
1109 5006 1141 5070 in
1164 5004 1353 5073 Fleckeiseni
1375 5007 1483 5072 annali
1507 5008 1589 5073 1873
1609 5027 1639 5091 p.
1652 5009 1715 5072 366
1726 5027 1771 5092 sq.
1797 5008 1960 5074 disseruit:
1995 5009 2053 5076 hoc
2074 5012 2125 5078 ta·

323 5134 403 5196 men,
426 5117 509 5200 quod
529 5117 636 5182 Laidis
658 5117 796 5200 sepulcro
819 5116 927 5182 leaena
950 5114 1079 5180 arietem
1101 5113 1258 5198 unguibus
1278 5115 1386 5180 tenens
1407 5115 1554 5199 imposita
1577 5115 1648 5195 fuit,
1670 5117 1799 5200 apparet
1820 5117 1861 5182 ab
1881 5116 1937 5183 illc
1958 5134 2020 5183 non
2041 5117 2124 5183 recte

323 5225 511 5310 explicatum
533 5227 586 5292 sed
609 5227 642 5291 in
664 5244 770 5292 sorum
793 5243 920 5292 numero
942 5222 1118 5290 babendum
1136 5241 1209 5300 esse,
1235 5221 1404 5305 dequibus
1423 5243 1451 5306 p.
1470 5225 1509 5289 16
1531 5223 1603 5290 diri.

426 5333 459 5417 5)
481 5333 601 5400 facturn
629 5335 688 5400 hoc
713 5333 746 5398 in
770 5332 962 5417 sarcophago
993 5331 1026 5398 O.
1048 5331 1121 5396 Iuni
1142 5329 1264 5397 Euhodi
1294 5331 1386 5413 (mac.
1411 5329 1633 5398 ΟΙΙανοικοιιΙι·
1655 5352 1685 5398 ιι.
1704 5332 1774 5415 179,
1803 5331 1902 5398 edidit
1923 5331 1958 5398 u.
1981 5331 2122 5400 (larhard

327 5449 392 5509 οιιι.
413 5443 519 5510 bilder.
539 5444 563 5507 t.
578 5443 742 5527 XXVIII).
786 5443 922 5526 itemque
942 5442 1064 5507 statuae
1079 5439 1223 5505 Plutonis
1245 5437 1279 5503 in
1300 5438 1378 5505 nilla
1399 5437 1604 5521 borgbesiana
1625 5439 1803 5504 asseruatae
1822 5436 1970 5504 Cerberus
1991 5438 2121 5520 adsidet,
