5124 6398
1325 771 1382 858 30

747 1012 823 1089 485
850 1009 940 1096 Αίας
968 1008 998 1084 δ’
1024 1016 1173 1109 ἐγγύθεν
1198 1010 1291 1096 ἦλθε
1313 1021 1434 1116 φέρων
1462 1026 1573 1104 σάκος
1601 1026 1689 1106 ἠύτε
1713 1029 1862 1123 πύργον,

851 1144 922 1221 στῆ
950 1132 991 1210 δὲ
1017 1137 1150 1232 παρέξ·
1191 1146 1306 1238 Τρόες
1333 1137 1374 1214 δὲ
1402 1138 1599 1245 διέτρεσαν
1626 1143 1779 1232 ἄλλυδις
1805 1147 1925 1236 ἄλλος.

849 1257 870 1347 ἤ
895 1288 956 1334 τοι
982 1263 1049 1336 τὸν
1077 1267 1269 1348 Μενέλαος
1295 1271 1419 1363 ἀρήιος
1445 1267 1542 1366 ἔξαγ’
1567 1273 1701 1366 ὁμίλου

847 1391 970 1490 χειρός
997 1383 1103 1490 ἔχων,
1129 1387 1204 1474 εἵως
1232 1395 1402 1492 θεράπων
1430 1392 1572 1494 σχεδὸν
1598 1395 1736 1478 ἤλασεν
1762 1395 1906 1483 ἵππους.

447 1520 553 1616 itane
589 1518 712 1605 uerol
762 1519 911 1604 Manno
949 1521 1199 1607 commilitoni
1232 1523 1327 1606 dnm
1359 1524 1525 1610 salutem
1556 1530 1651 1629 fert,
1696 1537 1897 1638 tamqnam
1933 1532 1996 1617 leo
2027 1533 2250 1620 oboriaturl

448 1692 498 1753 an
530 1691 686 1780 omnem
717 1662 1010 1749 similitudinem
1042 1692 1089 1749 eo
1123 1673 1277 1750 tantum
1308 1669 1530 1754 arcessitam
1563 1671 1763 1772 dicemus,
1794 1682 1839 1757 nt
1868 1677 1965 1784 luga
1995 1678 2251 1766 Troianorum

447 1805 730 1896 illustrareturl
763 1808 868 1917 quod
901 1807 934 1890 si
971 1835 1059 1891 cnm
1094 1805 1250 1894 scholiis
1281 1813 1504 1900 ueteribus¹
1535 1842 1747 1924 urgeamus
1778 1819 1884 1903 cerni
1922 1828 1961 1905 et
1993 1821 2112 1909 Vlixis
2144 1825 2249 1910 simi·

446 1953 677 2051 titudinem,
719 1953 843 2040 multo
875 1952 992 2038 etiam
1021 1952 1147 2059 magis
1184 1954 1339 2038 tolerari
1370 1959 1505 2066 nequit
1536 1962 1641 2068 quod
1670 1960 1712 2046 in
1743 1989 1789 2048 ec
1823 1966 1929 2072 qnod
1960 1993 2159 2052 summum
2190 1979 2250 2056 est

448 2107 488 2185 et
518 2098 805 2208 grauissimum,
837 2126 900 2183 res
933 2107 972 2183 et
1008 2097 1133 2183 simile
1166 2099 1266 2183 odeo
1297 2099 1399 2184 inter
1430 2130 1472 2187 sc
1505 2104 1739 2215 discrepant.
1804 2106 1906 2211 Quid
1942 2109 2069 2194 lliaxl

849 2235 939 2318 Αίας
966 2231 1006 2308 δὲ
1032 2237 1223 2332 Τρώεσσιν
1247 2241 1449 2332 ἐπάλμενος
1475 2237 1548 2313 εἷλε
1574 2245 1763 2342 Δόρυκλον

745 2363 820 2440 490
846 2356 1057 2462 Πριαμίδην
1082 2363 1198 2433 νόθον
1224 2363 1324 2434 υἱόν·
1352 2358 1479 2437 ἔπειτα
1507 2361 1546 2440 δὲ
1573 2365 1767 2444 Πάνδοκον
1793 2367 1900 2467 οὖτα,

847 2483 942 2560 οδτα
970 2481 1010 2560 δὲ
1037 2483 1261 2585 Λύσανδρον
1287 2490 1348 2559 καί
1376 2495 1554 2590 Πύρασον
1579 2492 1642 2576 ἠδὲ
1669 2499 1878 2593 Πυλάρτην.

445 2619 615 2706 facinora
640 2619 768 2706 Aiacis
802 2621 919 2704 Troas
948 2617 1202 2728 propellentis
1234 2632 1480 2708 enarrantur:
1512 2623 1694 2712 interficit
1727 2627 1871 2712 Priami
1905 2628 2027 2713 filium
2057 2630 2244 2740 spurium,

446 2765 537 2850 dein
568 2773 752 2874 quattuor
781 2763 887 2849 uiros
921 2761 1061 2846 dicitru
1091 2761 1318 2847 uulnerasse
1349 2771 1513 2848 tantum.
1576 2777 1780 2878 exspectes
1811 2768 2009 2873 additum,
2041 2771 2116 2856 illis
2152 2771 2246 2857 uiris

446 2910 541 3022 quid
578 2910 723 2993 laetum
755 2907 827 3009 sit,
867 2917 1000 2992 utrum
1033 2905 1210 3011 effugere
1247 2905 1442 2991 noluerint
1481 2903 1531 2993 a'n
1562 2912 1609 2994 ab
1647 2911 1781 2998 amicis
1814 2912 1916 3000 hosti
1953 2915 2076 3025 erepti
2105 2945 2157 3001 an
2193 2918 2243 3001 ab

442 3055 560 3141 Aiace
590 3056 758 3140 instante
789 3053 946 3164 penitus
976 3050 1057 3136 uita
1076 3060 1115 3135 et
1146 3047 1263 3134 armis
1285 3051 1392 3134 exuti
1423 3051 1510 3136 sint.
1547 3053 1708 3140 ·lallitnr
1738 3058 1990 3167 exspectatio.
2039 3060 2245 3170 splendida

387 3227 390 3236 ’
444 3201 548 3286 enim
580 3197 867 3310 comparatione
898 3196 1101 3282 interiecta
1131 3196 1182 3278 ad
1219 3220 1323 3278 noua
1356 3222 1402 3278 ac
1433 3194 1589 3280 diuersa
1617 3196 1843 3307 abripimur.

543 3346 624 3434 Sed
657 3371 798 3454 operae
835 3341 1003 3454 pretium
1038 3349 1097 3426 est
1127 3345 1309 3448 quattuor
1349 3336 1435 3423 illos
1466 3337 1572 3424 uiros
1602 3341 1817 3426 accuratius
1848 3340 2002 3445 intueri,
2047 3343 2241 3454 siquidem

443 3499 549 3576 certa
581 3516 671 3600 spes
702 3496 762 3574 ast
793 3490 876 3574 fore
907 3496 950 3570 ut
979 3509 1253 3592 agnoscamus.
1315 3507 1484 3589 nauaque
1514 3479 1623 3566 hand
1661 3482 1741 3569 scio
1781 3512 1831 3568 an
1874 3483 2088 3594 quidquam
2119 3488 2241 3574 sitin

441 3634 563 3720 Iliade
584 3633 819 3746 praeclarius
848 3632 1099 3718 obseruatum
1132 3655 1249 3737 qnam
1277 3626 1375 3711 illud
1396 3627 1445 3709 ab
1463 3623 1646 3736 Adolpho
1667 3625 1895 3738 Emperio2,
1923 3630 2044 3716 latere
2075 3634 2149 3718 sub
2177 3631 2240 3718 his

442 3781 589 3866 Troum
630 3776 852 3862 nominibus
897 3783 1078 3883 quattuor
1116 3772 1220 3857 Ditis
1267 3768 1451 3880 epitheta.
1532 3772 1740 3857 Pandoeus
1793 3773 1898 3857 enim
1954 3802 2079 3884 aeque
2124 3786 2241 3886 atque

442 3930 651 4016 Πονδοπύς
679 3929 910 4013 Πολυδέκτης
933 3924 1175 4025 Πολυδέγμων
1194 3924 1418 4014 Πολύξενος8
1453 3915 1576 4001 Orcus
1613 3925 1789 4019 uocatur,
1825 3918 1891 4026 qui
1921 3947 2058 4006 omnes
2098 3931 2242 4007 morta-

543 4309 576 4392 1)
598 4309 693 4374 schol.
716 4307 810 4374 ABL
831 4306 870 4372 ad
895 4325 924 4370 u.
943 4305 1004 4368 475
1026 4298 1096 4369 ἔστι
1120 4301 1156 4368 δὲ
1178 4295 1196 4387 ἡ
1221 4299 1395 4388 παραβολὴ
1423 4298 1539 4390 μερικιγ
1568 4299 1655 4388 πρός
1674 4326 1711 4367 τε
1732 4301 1791 4390 τὴν
1813 4297 1939 4390 πληγὴν
1969 4304 2023 4370 καί
2044 4301 2083 4371 τό
2106 4306 2240 4393 πλῆθος

439 4421 506 4482 τῶν
526 4411 701 4502 βαρβάρων
733 4415 787 4480 καί
818 4409 879 4499 τήν
906 4404 1070 4478 ἀπουσίαν
1091 4414 1151 4476 τοῦ
1171 4405 1345 4492 βαλόντος·
1381 4411 1436 4476 καί
1464 4406 1578 4496 ὥσπερ
1606 4415 1701 4490 θῶας
1735 4403 1913 4478 όπελαόνει
1946 4413 2030 4478 λέων
2063 4412 2240 4502 ἐπιφανείς,

439 4521 545 4605 odana
565 4520 658 4604 Α’ίας
678 4521 756 4602 τοδς
781 4525 905 4608 Τρῶας.

540 4637 573 4717 2)
595 4635 693 4701 musei
715 4634 845 4700 rhenani
866 4634 940 4699 noui
960 4632 1022 4697 uol.
1042 4631 1058 4696 1
1085 4650 1115 4713 p.
1136 4631 1198 4694 447
1209 4649 1265 4714 sp,
1301 4631 1334 4696 in
1356 4631 1493 4716 Emperii
1515 4632 1670 4715 opusculis
1691 4633 1797 4715 philol.
1821 4633 1853 4698 et
1873 4633 1945 4699 hist.
1966 4653 1994 4716 p.
2014 4634 2083 4698 147.
2125 4636 2239 4702 mirum

439 4747 520 4834 quod
543 4746 576 4812 in
596 4745 655 4811 hac
677 4744 743 4810 sola
765 4745 815 4808 uir
836 4741 1056 4826 sagacissimus
1077 4740 1293 4806 obseruatione
1310 4739 1469 4822 adquieuit
1490 4757 1546 4804 nec
1564 4739 1778 4823 praecedentia
1794 4739 1937 4806 excussit.
1959 4741 2104 4807 Breuiter
2120 4761 2239 4824 moneo,

439 4855 521 4940 quod
544 4853 738 4938 argumentis
760 4852 884 4936 probari
905 4851 955 4916 hio
976 4849 1063 4916 locus
1083 4849 1180 4932 uetat,
1203 4849 1299 4914 etiam
1322 4851 1360 4910 Π
1374 4848 1490 4930 coesq.
1512 4848 1594 4913 inter
1611 4847 1762 4912 Troianos
1785 4867 1803 4912 a
1826 4847 1973 4913 Patroclo
2000 4850 2117 4916 occisos
2147 4852 2241 4934 quat·

437 4965 509 5029 tuor
530 4963 658 5029 nomina
680 4962 767 5027 iuxta
789 4962 871 5044 poni,
909 4978 988 5043 quaa
1016 4959 1050 5022 in
1078 4958 1169 5023 deum
1199 4957 1334 5024 inferum
1364 4956 1479 5022 cadant
1505 4956 1559 5020 καί
1581 4951 1816 5038 Μελάνιππον,
1847 4947 1948 5039 αὐτὰρ
1980 4951 2083 5024 ἔπειτ’
2099 4949 2240 5026 ’Ἔλασον

438 5071 492 5138 καὶ
514 5067 667 5139 Μούλιον
688 5063 748 5157 ἠδὲ
771 5065 953 5155 Πυλάρτην.
1104 5121 1107 5130 ,

537 5183 572 5264 3)
593 5175 787 5265 πρόπαντος
801 5175 916 5264 ’Ἅιδης
938 5171 1128 5253 Πανδοκεύς
1148 5168 1339 5260 άγρεόοεται
1359 5175 1519 5261 Lycophro
1541 5177 1614 5256 655,
1636 5173 1829 5263 Πολυδέκτῃ
1850 5175 1955 5260 hymn.
1979 5176 2097 5245 caruis
2115 5180 2135 5244 9
2157 5169 2242 5261 όίναξ

437 5289 659 5376 Πολυδέγμων
681 5290 723 5356 ib.
741 5289 779 5354 17
824 5281 980 5371 κρατερός
1002 5282 1223 5368 Πολυδέγμων
1244 5283 1307 5347 404
1343 5271 1425 5364 δίνοξ
1443 5280 1601 5368 κρατερός
1623 5282 1845 5368 Πολυδέγμων
1870 5285 1943 5364 430,
1977 5281 2037 5350 τόν
2057 5279 2159 5370 γάιον,
2180 5283 2239 5353 τόν

436 5394 706 5483 πολυξενώτατον
727 5401 817 5484 Ζῆνα
842 5399 909 5462 τῶν
937 5389 1146 5480 κεκμηκότων
1167 5393 1339 5476 Aeschylus
1360 5393 1459 5476 suppl.
1483 5393 1553 5475 156,
1593 5393 1633 5459 cf.
1659 5393 1742 5460 idern
1769 5395 1846 5478 sept.
1869 5395 1986 5479 8568q.
2009 5394 2047 5461 do
2069 5395 2236 5464 Charontis

436 5510 564 5593 nauigio
587 5497 625 5585 δς
652 5503 721 5572 ater
745 5505 787 5572 δι’
809 5499 971 5588 Ἀχέροντ’
993 5493 1162 5585 ἀμείβεται
1189 5496 1248 5565 τόν
1276 5494 1454 5568 ναύστολον
1473 5495 1696 5586 μελάγκροκον
1720 5501 1879 5586 θεωρίδα,
1916 5498 1975 5567 τόν
2002 5495 2119 5593 δστιβῆ
2141 5500 2236 5571 ’πόλ-
