5124 6398
1320 795 1380 876 44

551 1033 614 1118 Ad
646 1035 764 1120 finem
796 989 1058 1146 peruenimus.
1100 1036 1150 1119 Vt
1183 1035 1303 1143 igitur
1336 1065 1531 1123 summam
1564 1038 1835 1150 disputationis
1871 1037 2113 1147 colligamus,
2149 1039 2251 1126 uidi-

448 1205 538 1262 mus
575 1205 624 1262 ex
657 1190 808 1265 remota
851 1180 1077 1289 antiquitate
1119 1180 1330 1290 imaginem
1371 1182 1477 1267 cerui
1516 1183 1580 1269 uel
1621 1184 1735 1270 bouis
1770 1214 1793 1268 a
1824 1184 1939 1294 leone
1986 1184 2161 1294 oppressi
2201 1187 2252 1268 ad

449 1321 680 1424 Phoenices,
720 1323 813 1409 hina
838 1328 889 1409 ad
914 1326 1085 1410 Graecos
1116 1323 1381 1433 Etruscosque
1413 1336 1668 1438 propagatam
1699 1327 1816 1412 etiam
1846 1326 2034 1436 sepulcris
2065 1327 2252 1414 ornandis

449 1463 663 1553 adhibitam
696 1495 782 1555 esse
814 1478 853 1554 et
885 1497 975 1554 cum
1004 1469 1174 1555 Hercule
1202 1467 1327 1554 leonis
1357 1469 1549 1554 domitore
1579 1500 1602 1553 a
1632 1469 1895 1556 Phoenicibus
1927 1468 2173 1556 coniunctam
2203 1501 2251 1559 eo
2357 1461 2363 1470 ⁴

449 1611 630 1713 ualuisse,
667 1623 713 1698 ut
744 1614 888 1698 Orcum
917 1605 1116 1722 tamquam
1146 1614 1302 1698 leonem
1332 1611 1469 1698 animis
1502 1614 1775 1698 defunctorum
1804 1613 2066 1716 insidiantem,
2098 1615 2252 1702 Herou-

448 1755 527 1841 lem
559 1785 674 1868 opem
707 1757 857 1844 fortiter
887 1757 960 1844 illis
991 1763 1182 1846 ferentem
1213 1761 1462 1868 significaret.
1515 1759 1556 1844 in
1586 1759 1716 1844 Iliadis
1749 1770 1880 1844 autem
1913 1758 2000 1844 loco
2032 1759 2252 1870 exploraui-

448 1928 537 1988 mus
571 1903 750 2015 primitus
791 1900 868 1988 hoc
907 1914 1104 1988 narratum
1143 1905 1276 2006 luisse,
1327 1905 1428 1990 Vlixi
1464 1905 1594 1990 saucio
1634 1899 1863 1990 al'roianis
1907 1903 2081 2012 undique
2125 1904 2251 1988 cincto

447 2048 578 2160 ipsum
610 2049 766 2136 Hadem
810 2058 1008 2157 tamquam
1048 2049 1202 2134 leonem
1232 2041 1502 2150 imminuisse,
1544 2049 1702 2133 Aiacem
1741 2050 1977 2133 aduocatum
2022 2049 2250 2135 uulnerasse

415 2195 569 2277 ·deum
608 2201 647 2276 et
678 2193 908 2305 reppulisse.
944 2195 982 2278 Is
1013 2193 1132 2301 igitur
1165 2193 1230 2303 qui
1261 2193 1356 2278 illud
1387 2221 1544 2278 carmen
1573 2192 1709 2304 panxit
1740 2203 1857 2303 poeta
1885 2220 1965 2277 uon
1996 2194 2124 2279 solum
2153 2195 2252 2278 ima

449 2337 582 2444 ginem
623 2337 897 2449 peruulgatam
933 2339 1055 2438 nouit,
1097 2339 1171 2426 sed
1209 2336 1326 2422 etium
1366 2337 1459 2445 quid
1499 2333 1554 2422 ea'
1585 2335 1832 2445 significaret,
1880 2339 2003 2447 probe
2047 2336 2247 2440 intellexit,

432 2493 540 2566 'cum
581 2482 720 2591 reliqui
760 2482 899 2567 Graeci
943 2483 1110 2567 eandem
1153 2491 1351 2589 tamquam
1396 2507 1549 2566 merum
1590 2488 1864 2564 oruamentum
1897 2482 2086 2565 ducerent
2120 2508 2250 2589 neque

450 2625 543 2735 quid
597 2627 778 2712 subesset
830 2635 1020 2710 curarent.
1096 2653 1213 2734 quam
1254 2625 1305 2709 ob
1347 2653 1526 2711 caussam
1569 2622 1788 2718 necessario
1830 2622 2026 2708 ciuitatem
2070 2624 2125 2710 illi
2163 2654 2252 2710 eam

448 2770 748 2877 assignabimus,
785 2768 826 2853 in
858 2797 975 2878 quam
1004 2778 1164 2879 propter
1197 2769 1483 2853 commercium·
1504 2767 1713 2875 religiones
1745 2765 1990 2852 Phoenicum
2025 2776 2064 2853 et
2099 2769 2249 2880 opinio-

448 2940 519 2998 nes
553 2913 749 3024 potuerint
783 2940 825 2997 se
855 2912 1063 2997 insinuare.
1104 2911 1211 3019 atqui
1247 2909 1353 2995 cerui
1389 2938 1412 2993 a
1442 2909 1556 2996 leone
1590 2909 1747 2994 lacerati
1787 2908 2021 3018 figmentum
2056 2939 2249 3021 nusquam

446 3057 488 3141 in
523 3056 686 3142 Graecia
722 3057 880 3165 signum
908 3082 1062 3141 sacrum
1097 3054 1170 3137 fuit
1205 3052 1308 3162 quali
1337 3053 1487 3138 nummi
1520 3064 1758 3154 notarentur,
1794 3053 1868 3138 nisi
1903 3053 2033 3141 Veliae
2068 3057 2108 3141 in
2141 3057 2249 3144 Pho-

449 3200 672 3288 oscensium
714 3200 875 3287 colonia.
931 3199 1021 3286 Veri
1055 3197 1291 3284 simillimam
1333 3197 1464 3307 igitur,
1514 3228 1564 3286 ne
1610 3199 1737 3284 dicam
1783 3207 1929 3284 certam
1976 3227 2063 3287 esse
2106 3229 2248 3288 censeo

448 3346 722 3447 coniecturam,
764 3345 895 3430 Iliadis
927 3370 1084 3464 carmen
1115 3344 1213 3429 illud
1242 3341 1331 3426 libri
1370 3344 1430 3426 XI
1469 3343 1552 3430 aliis
1594 3370 1750 3454 quoque
1790 3341 1883 3428 artis
1922 3339 2151 3453 phoeniciae
2188 3345 2249 3430 in-

448 3489 559 3576 diciis
591 3491 684 3575 satis
720 3488 973 3601 conspicuum
1006 3485 1209 3574 Phocaeae
1245 3495 1376 3570 ortum
1410 3515 1509 3588 esse,
1553 3488 1593 3572 iu
1631 3515 1708 3596 qua
1749 3489 1846 3572 urbe
1896 3485 1988 3570 olim
2017 3489 2250 3574 commercia

449 3643 488 3720 et
521 3643 622 3719 artes
657 3633 801 3745 pariter
836 3643 952 3743 atque
988 3633 1138 3745 poesim
1172 3629 1413 3716 homericam
1446 3629 1623 3718 floruisse
1661 3633 1761 3716 inter
1798 3659 1935 3717 omnes
1967 3641 2128 3720 constat.

546 4514 796 4623 Relinquitur
825 4512 998 4599 officium
1026 4516 1144 4624 longe
1175 4518 1461 4622 suauissimum‚
1496 4528 1540 4604 ut
1561 4519 1838 4606 celeberrimae
1867 4531 2022 4607 uestrae
2052 4522 2247 4609 uniuersi-

449 4659 518 4746 tati
547 4657 707 4742 tertium
737 4655 937 4742 saeculum
967 4658 1205 4757 conditurae,
1248 4671 1430 4770 quartum
1462 4663 1643 4774 auspiciis
1674 4663 1907 4751 felicissimis
1944 4666 2247 4775 inauguraturae

447 4814 541 4890 uota
570 4802 634 4913 pia
664 4829 709 4888 ac
745 4800 896 4887 sincera
925 4829 1149 4913 nuncupem
1181 4805 1229 4888 ab
1268 4804 1386 4893 huius
1427 4806 1690 4894 uniuersitatis
1731 4805 1929 4894 rhenanae
1967 4837 2057 4894 oum
2097 4820 2248 4896 rectore

449 4958 488 5033 et
519 4953 658 5032 senatu
686 4955 770 5029 tum
801 4945 983 5032 omuibus
1013 4947 1201 5034 membris
1233 4959 1432 5061 concepta.
1493 4979 1557 5037 me
1596 4978 1691 5037 uero
1732 4954 1840 5062 quod
1877 4953 1995 5039 animi
2036 4954 2096 5040 sui
2128 4955 2247 5039 inter-

446 5101 599 5204 pretem
630 5115 716 5174 esse
746 5099 874 5174 rector
910 5099 1145 5196 senatusque
1176 5090 1393 5196 iusserunt,
1432 5099 1557 5181 fateor
1585 5122 1666 5180 non
1694 5095 1868 5206 potuisse
1907 5097 2119 5207 quidquam
2149 5095 2247 5182 mihi

447 5234 667 5347 exoptatius
697 5231 889 5319 accidere.
947 5234 1034 5344 quis
1064 5234 1169 5318 enim
1199 5247 1259 5322 est
1288 5236 1511 5346 philologus
1542 5249 1608 5324 aut
1638 5235 1941 5344 grammaticus,
1990 5241 2084 5349 quin
2114 5240 2246 5326 audito

444 5383 522 5470 isto
551 5379 688 5464 nuntio
712 5377 876 5484 longum
906 5379 1156 5463 summatium
1187 5378 1361 5466 uirorum
1391 5381 1483 5466 inde
1513 5411 1536 5466 a
1567 5383 1675 5468 lusto
1706 5380 1839 5492 Lipsio
1870 5391 1909 5467 et
1939 5382 2109 5494 Iosepho
2137 5385 2246 5470 lusto

447 5525 647 5634 Scaligero
686 5522 864 5608 ordinem
894 5526 1120 5609 recordatus
1148 5523 1368 5632 gratissimo
1399 5526 1526 5612 animo
1558 5553 1693 5615 secum
1725 5535 1888 5636 repetet,
1923 5537 2111 5637 quantum
2140 5528 2244 5614 litte·
