5124 6398
1194 781 1246 868 13

313 1032 570 1142 praedaturus
602 1037 673 1130 est,
706 1030 784 1116 duc
814 1028 890 1114 uiri
917 1029 1112 1116 seminudi
1143 1027 1262 1114 armis
1291 1027 1591 1136 aggrediuntur.
1630 1024 1884 1136 sardonyche
1916 1055 2034 1137 quem
2065 1056 2115 1114 ex

313 1175 462 1262 oriente
494 1171 688 1262 Oliuerius
724 1172 936 1283 reportauit
949 1165 976 1274 ¹,
1035 1199 1177 1258 ceruus
1207 1201 1231 1256 a
1267 1173 1381 1258 leone
1422 1177 1634 1284 oppressus
1672 1182 1753 1258 tam
1785 1173 1874 1258 rudi
1903 1201 2023 1258 manu
2054 1173 2115 1258 in-

314 1320 488 1432 sculptus
525 1327 584 1404 est
618 1343 735 1427 quam
772 1315 992 1404 scarabaeis
1030 1315 1255 1428 abajardo
1291 1317 1406 1402 editis
1436 1345 1553 1428 caper
1583 1327 1623 1402 ct
1654 1343 1791 1428 equus.
1853 1317 2113 1404 delineatione

313 1465 444 1578 paullo
488 1464 726 1572 elegantiore
777 1461 923 1548 etrusci
970 1447 1296 1547 emmendantur
1339 1461 1537 1548 scarabaei
1580 1461 1694 1548 leone
1739 1462 1805 1548 uel
1849 1471 2007 1548 tamum
2049 1463 2116 1548 uel

313 1636 453 1720 aprum
482 1620 698 1720 occupante
730 1607 904 1715 insignes
918 1603 947 1690 2.
993 1605 1067 1692 His
1104 1604 1342 1714 imaginibus
1373 1633 1491 1715 quam
1526 1606 1609 1690 uim
1641 1608 1803 1692 subesse
1838 1615 1996 1692 ueteres
2029 1635 2115 1692 cre-

314 1753 496 1856 diderint,
526 1779 667 1838 uereor
696 1761 739 1837 ut
768 1762 874 1837 recte
895 1779 945 1836 ex
965 1750 1021 1836 eis
1041 1749 1259 1860 intellegas,
1293 1778 1394 1859 quae
1416 1741 1630 1836 Aelianus³
1661 1751 1712 1834 de
1732 1750 2016 1862 Aegyptiorum
2038 1751 2116 1836 ritu

313 1900 451 1984 refert:
483 1899 728 1983 tremendam
757 1896 937 1997 bestiam,
970 1898 1066 1981 dum
1084 1893 1126 1979 in
1147 1923 1218 1980 sua
1246 1896 1393 2004 praeda
1425 1903 1649 2005 occupatur,
1682 1921 1761 1978 non
1780 1892 2017 1981 inhiatmam
2036 1895 2114 1980 alii.

313 2043 439 2130 multo
468 2043 642 2128 tenacior
671 2042 744 2128 fuir
764 2050 803 2127 et
825 2040 1055 2126 celebratior
1075 2038 1218 2150 opinio.
1251 2039 1398 2124 malum
1426 2037 1598 2146 imagine
1627 2038 1719 2124 mali
1738 2038 1881 2126 arceri:
1911 2038 2003 2126 hino
2022 2066 2115 2152 pro·

315 2191 419 2274 fecto
443 2187 717 2298 explicandum
748 2188 855 2295 quod
885 2185 960 2272 illis
990 2183 1285 2297 symplegmatis
1306 2179 1441 2269 scuta4
1472 2183 1657 2292 insignita
1688 2194 1798 2270 sunt:
1829 2183 2011 2296 exemplo
2041 2185 2116 2271 erit

315 2329 506 2444 amphora
537 2329 832 2443 panathenaica,
879 2328 920 2414 in
951 2357 1028 2438 qua
1057 2328 1235 2414 Minerua
1266 2328 1403 2440 clupeo
1433 2327 1568 2430 utitur,
1599 2328 1709 2415 cuius
1745 2329 1905 2438 signum
1935 2328 2012 2416 hoc
2042 2339 2114 2432 est,

313 2475 450 2562 leaena
480 2503 639 2562 ceruum
671 2476 856 2584 fugacem
887 2473 1098 2585 corripiens
1109 2467 1135 2558 ὅ.
1188 2473 1335 2560 Verum
1364 2472 1601 2558 luculentius
1631 2473 1726 2558 eius·
1746 2473 1803 2559 rei
1833 2476 2115 2562 documentum

316 2649 395 2707 non
441 2619 534 2705 noui
578 2646 695 2728 quam
734 2617 958 2728 lampadem
1006 2619 1203 2727 quandam
1246 2627 1531 2718 cortanensem,
1586 2627 1741 2702 etrusco
1783 2618 1896 2706 titulo
1927 2629 2113 2718 notatam,

315 2763 511 2874 perfectae
554 2760 648 2846 artis
685 2768 813 2844 aetate
849 2759 1090 2862 fabricatam,
1135 2759 1176 2843 in
1208 2787 1284 2869 qua
1314 2760 1501 2873 plurimas
1538 2763 1686 2870 figuras
1716 2763 1939 2874 superstitio
1977 2795 2114 2850 cumu-

313 2905 421 3006 larit,
469 2933 569 3016 quac
598 2907 649 2990 ad
679 2905 827 2990 malum
862 2905 1034 3015 quidque
1070 2907 1120 2990 ab
1151 2904 1244 3014 igne
1274 2909 1489 2992 arcendum
1527 2905 1691 2992 idoneae
1723 2935 1811 2992 esse
1838 2907 2114 2994 uiderentur⁶t

313 3051 355 3138 in
385 3051 471 3138 eins
508 3062 709 3160 tamquam
746 3049 933 3136 umbilico
966 3049 1163 3160 Gorgonis
1193 3059 1309 3161 caput
1338 3048 1580 3137 horrendum
1612 3049 1860 3161 conspicitur,
1912 3054 2017 3161 quod
2048 3053 2115 3162 qui

314 3195 438 3282 ambit
469 3194 637 3281 circulus
666 3193 864 3281 belluatus
895 3222 1057 3280 ceruum
1083 3222 1223 3307 aprum
1242 3221 1389 3304 equum
1419 3195 1564 3280 bouem
1583 3223 1606 3278 a
1625 3193 1729 3280 binis
1750 3222 1946 3305 quemque
1977 3195 2114 3283 bestiis

315 3349 528 3452 occupatos
557 3348 836 3452 repraesentat.

327 3601 547 3610 ——-——-----
556 3601 622 3609 —-

416 3756 448 3831 1)
470 3754 516 3819 ed.
539 3753 621 3819 idem
643 3752 685 3818 ib.
707 3753 730 3817 t.
747 3751 875 3828 XIVA‚
888 3753 917 3816 2.
941 3751 1122 3816 scarabaeos
1145 3751 1216 3816 uide
1237 3750 1312 3816 ibid.
1333 3753 1357 3816 t.
1370 3751 1479 3816 XVIII
1492 3753 1521 3815 5.
1533 3753 1562 3815 6.

414 3863 449 3946 2)
472 3866 596 3929 taurum
619 3862 779 3928 insecutus
801 3861 848 3926 Iao
870 3859 1012 3926 adoritur
1032 3859 1166 3939 (Mimli
1186 3862 1286 3926 moria
1309 3864 1333 3925 t.
1350 3859 1465 3926 CXVII
1481 3861 1532 3941 6);
1563 3859 1694 3924 eundem
1716 3858 1847 3924 aduersa
1869 3859 1971 3926 fronte
1993 3860 2116 3926 inuadit

316 3971 404 4056 (ibid.
427 3974 494 4037 n.8
517 3972 654 4054 itemque
675 3971 708 4034 in
730 3989 855 4054 gemma
876 3988 896 4034 a
918 3967 951 4035 C.
974 3968 1010 4034 0.
1032 3968 1182 4034 Muellero
1204 3969 1289 4034 edita
1319 3969 1440 4059 declar.
1461 3970 1517 4036 der
1537 3969 1623 4036 olleo
1642 3968 1737 4034 Ιιιινωι
1758 3967 1775 4032 l
1795 3969 1860 4034 tab.
1880 3969 1940 4034 XV
1957 3971 2029 4052 57);
2061 3989 2116 4054 pro

315 4083 406 4147 tauro
428 4099 539 4164 apmm
559 4081 654 4146 habas
675 4079 758 4162 apud
780 4077 943 4143 Micalium
964 4077 1006 4143 ib.
1029 4097 1060 4142 n.
1079 4078 1107 4142 7.
1143 4075 1292 4144 Gammae
1312 4077 1429 4144 similes
1449 4077 1556 4160 procrrl
1581 4076 1675 4142 dubio
1697 4077 1729 4142 in
1751 4076 1861 4142 multis
1882 4077 2117 4146 collectionibus

316 4192 435 4258 multae
455 4192 631 4268 seruantur,
659 4190 696 4256 de
717 4187 962 4256 berolinensibus
983 4187 1022 4252 of.
1036 4187 1179 4270 Toallren‚
1201 4187 1278 4252 ortt.
1298 4185 1505 4253 condotabo
1526 4188 1583 4252 der
1603 4186 1730 4253 ιππῚιινι
1751 4189 1850 4252 dane
1870 4187 1926 4252 der
1946 4187 1976 4252 Ιι.
1991 4207 2116 4270 prorsa

315 4299 632 4386 ponmeaaammluop
654 4297 767 4382 (1885)
788 4317 818 4381 p.
833 4298 896 4362 402
924 4317 954 4362 n.
974 4297 1106 4364 14-18.
1129 4297 1179 4362 21.
1201 4297 1251 4375 24,
1283 4295 1320 4360 de
1349 4295 1630 4362 uindobonansibus
1654 4315 1683 4360 r.
1705 4295 1823 4364 Saoken
1845 4297 1876 4360 et
1898 4295 2033 4376 Kenner,
2066 4297 2118 4364 die

314 4409 531 4494 amalonem
553 4409 609 4474 das
625 4406 654 4472 t.
676 4407 704 4471 b.
726 4411 835 4472 mbae·
858 4407 924 4471 aad
946 4405 1212 4472 antitenoabr'oats
1232 4403 1346 4486 (1866)
1366 4425 1395 4488 p.
1409 4407 1469 4470 431
1494 4424 1524 4488 n.
1542 4407 1677 4472 123—5.
1700 4425 1729 4488 p.
1743 4407 1805 4470 445
1828 4423 1859 4470 n.
1871 4405 1934 4470 912
1944 4423 1990 4488 sq.
2013 4407 2115 4472 919-

316 4521 387 4584 921.
410 4537 550 4602 gemmas
570 4517 689 4602 grypha
711 4533 838 4581 ceruum
860 4515 1030 4581 decorante
1050 4513 1189 4598 insignes
1211 4516 1372 4580 enumerat
1394 4514 1544 4598 Stephani
1566 4521 1684 4597 compte
1703 4515 1805 4580 reoda
1827 4515 1909 4580 1864
1930 4533 1958 4598 p.
1973 4515 2022 4594 71,
2038 4517 2067 4581 9.

415 4629 449 4704 3)
473 4629 538 4692 nat.
561 4627 656 4692 anim.
679 4624 742 4690 1111
765 4625 783 4688 7
807 4619 918 4704 ἔχουσι
941 4623 997 4706 (sc.
1020 4623 1122 4688 leones
1144 4621 1338 4705 Leontopoli)
1368 4617 1450 4700 νεώς
1476 4621 1529 4688 καὶ
1559 4619 1728 4706 διατριβὰς
1753 4607 1790 4687 ari
1818 4615 1906 4705 μάλα
1927 4613 2116 4708 ἀφθόνους·

316 4737 370 4802 καὶ
391 4735 470 4820 κρέα
498 4737 588 4817 βοῶν
614 4723 728 4812 αὐτοῖς
760 4731 848 4798 ἐστιν
877 4727 1043 4817 ὁσημέραι,
1075 4727 1128 4796 καὶ
1158 4729 1385 4810 διασπαρακτά
1417 4737 1522 4796 κεῖται
1553 4727 1656 4816 γυμνὰ
1686 4721 1810 4798 ὀστέων
1840 4729 1893 4796 καὶ
1923 4727 2015 4798 ἰνῶν·
2049 4732 2116 4798 καί

316 4839 549 4913 ἐσθιόντων
581 4836 812 4933 ἐπᾴδουσιν
840 4836 1012 4927 Αἰγυπτίᾳ
1038 4839 1142 4928 φωνῇ,
1181 4831 1258 4926 ἡδὲ
1279 4833 1445 4918 ὑπόθεσις
1464 4842 1521 4924 τῆς
1546 4831 1650 4926 ᾠδῆς·
1688 4835 1741 4925 μή
1769 4833 2005 4925 βασκήνητὲ
2028 4864 2118 4907 τινα

316 4957 398 5020 τῶν
418 4948 624 5038 ὁρώντων,
644 4951 697 5016 καὶ
721 4947 877 5032 ἔοικεν,
898 4943 944 5029 ὥς
963 4943 1003 5014 ἓν
1024 4941 1144 5030 εἴποις,
1165 4937 1256 5013 ἀντὶ
1277 4943 1522 5032 περιόπτων
1542 4945 1590 5012 rri
1612 4935 1727 5040 ᾆσμα.

416 5065 451 5146 4)
472 5081 551 5148 quae
580 5063 704 5128 constat
732 5061 830 5145 signis
859 5059 1073 5126 auertantibus
1105 5058 1222 5126 muniri
1248 5057 1342 5122 solita
1371 5075 1445 5136 asse,
1479 5057 1518 5122 cl.
1543 5055 1738 5134 0.1annius,
1767 5055 1900 5123 omae
1929 5057 1987 5124 der
2017 5057 2116 5126 sticho.

315 5173 473 5259 perdiscit
496 5173 554 5240 der
573 5169 829 5250 comeatum
853 5169 934 5234 1855
955 5168 1018 5234 nol.
1035 5168 1097 5234 VII
1119 5187 1148 5251 p.
1161 5168 1201 5233 57
1213 5185 1259 5250 sq.
1280 5167 1377 5248 63sq.

415 5285 448 5360 5)
471 5303 606 5349 monum.
627 5279 701 5347 dell'
726 5281 800 5344 inat.
823 5279 838 5343 I
860 5279 925 5344 tab.
941 5276 1104 5343 XXI-II.
1139 5275 1172 5343 C.
1195 5275 1232 5342 O.
1254 5275 1377 5354 Mdller,
1399 5275 1520 5341 dentre.
1544 5275 1559 5340 1
1581 5275 1645 5342 tab.
1661 5273 1771 5340 XVIII
1782 5275 1834 5340 92.

419 5393 453 5474 6)
473 5411 607 5456 monam
632 5387 704 5456 doll'
725 5390 800 5454 inst.
821 5387 870 5452 III
893 5389 916 5452 t.
932 5386 1021 5452 XLII
1044 5387 1076 5452 et
1097 5385 1180 5451 XLI.
1225 5384 1265 5450 cI.
1288 5384 1414 5450 Abelren
1438 5383 1551 5450 σπνισῑι·
1575 5384 1656 5450 1842
1687 5382 1749 5448 uol.
1766 5383 1844 5448 XIV
1864 5401 1892 5466 p.
1907 5383 2026 5466 58sqq.
2070 5383 2117 5448 De

319 5499 502 5583 lampadum
520 5496 738 5581 phylacteriois
759 5495 858 5580 signis
881 5496 919 5562 cf.
942 5494 978 5562 0.
997 5495 1131 5562 Jahnius
1153 5497 1175 5562 I.
1199 5515 1224 5560 s.
1246 5495 1338 5578 p.74‚
1357 5495 1416 5560 177
1438 5495 1469 5558 at
1490 5493 1554 5560 tab.
1566 5493 1621 5574 IV,
1635 5496 1663 5560 1.

1052 5861 1064 5903 t
