5124 6398
1172 761 1226 848 21

303 1031 432 1114 genus
465 1014 509 1090 ut
540 1003 700 1090 modulo
724 1003 942 1104 minimum,
979 1003 1033 1090 ita
1062 1006 1289 1092 auctoritate
1320 1015 1360 1092 at
1389 1035 1464 1096 usu
1495 1007 1607 1093 lacile
1643 1006 1827 1118 primum,
1855 1003 2103 1092 numismata.

305 1148 447 1260 quodsi
482 1145 689 1236 thesauros
720 1147 959 1234 nummarios
989 1150 1285 1260 perlustramus,
1318 1152 1420 1238 oculi
1452 1150 1575 1239 nostri
1607 1149 1647 1236 in
1678 1150 1735 1236 ais
1766 1149 1933 1234 maxime
1954 1148 2105 1236 numis-

304 1293 418 1380 matis
454 1291 686 1394 haerebunt,
731 1321 831 1402 quae
862 1294 936 1378 sub
965 1294 1176 1382 Persarum
1206 1296 1371 1408 imperia
1408 1296 1446 1380 in
1476 1294 1608 1380 Cilicia
1647 1305 1686 1380 at
1720 1291 1845 1404 Cypro
1877 1321 1969 1378 cusa
1999 1303 2103 1379 sunt.

304 1445 423 1544 atque
454 1463 615 1522 ceruum
646 1466 670 1521 a
705 1437 818 1523 lecne
848 1435 1029 1522 inuusum
1066 1439 1202 1549 figuris
1232 1439 1341 1550 quasi
1372 1439 1597 1524 uiuentibus
1626 1437 1776 1522 nummi
1799 1462 1941 1544 regum
1958 1433 2104 1522 Citien-

307 1581 408 1666 sium
437 1579 545 1664 aurai
576 1590 615 1665 et
634 1580 812 1689 argentei
831 1590 1061 1684 monstrant,
1094 1611 1259 1692 quarum
1281 1583 1493 1695 specimen,
1524 1583 1707 1668 trientem
1737 1581 1842 1688 ragis
1862 1580 2103 1684 Baulmalek,

306 1722 439 1807 tabula
466 1731 598 1808 nostra
628 1725 708 1806 nl
752 1721 925 1808 exhibet.
982 1722 1061 1807 iam
1092 1725 1209 1828 enim,
1240 1737 1448 1839 postquam
1481 1731 1530 1814 de
1568 1730 1721 1836 chde,
1760 1726 1947 1812 comitum
1978 1735 2018 1812 et
2048 1727 2105 1812 le·

307 1877 490 1978 getarum
528 1866 778 1956 doctissimus
813 1895 897 1953 ram
939 1870 1175 1980 profligauit,
1223 1875 1273 1957 de
1310 1871 1464 1959 illarum
1502 1871 1653 1980 origine
1684 1865 1845 1979 liquet¹.
1908 1869 2106 1958 sollemnia

308 2040 445 2098 eurum
476 2021 589 2122 typus
621 2011 686 2098 hic
719 2021 790 2112 est,
822 2020 866 2097 ut
897 2011 936 2098 in
974 2013 1101 2098 antica
1120 2015 1313 2102 Hercules
1345 2019 1594 2103 dextrorsum
1623 2017 1788 2126 prodeat
1817 2041 1942 2125 paene
1973 2016 2105 2100 nudus

306 2157 459 2244 exuuiis
495 2157 619 2245 lconis
660 2159 710 2242 de
757 2183 893 2242 umere
940 2165 980 2244 et
1016 2167 1129 2268 terge
1167 2160 1379 2248 fluentibus
1417 2170 1484 2246 aut
1518 2162 1569 2247 dc
1612 2157 1773 2245 brachio
1812 2158 1969 2245 sinistro
2007 2186 2105 2270 pen-

308 2303 506 2402 dentibus,
557 2301 712 2389 sinistra
760 2329 895 2386 arcum
932 2304 1207 2412 praetendens,
1263 2307 1424 2391 dextera
1471 2305 1599 2390 leuata
1648 2303 1798 2388 clauam
1843 2303 2008 2404 iactans,
2065 2301 2105 2388 in

307 2446 456 2559 postica
483 2446 723 2556 symplegma
751 2444 876 2532 leonis
907 2453 946 2530 et
977 2445 1082 2532 cerui
1114 2474 1187 2532 ceu
1216 2446 1347 2558 potius
1380 2443 1587 2534 dammaa²
1618 2449 1896 2534 dextrcuersus
1926 2455 2120 2558 spectum.

307 2589 406 2675 tium
445 2589 694 2701 exprimatur.
765 2589 957 2674 uariatum
994 2599 1054 2676 est
1091 2589 1132 2675 in
1170 2593 1342 2679 nummis
1374 2591 1523 2678 moduli
1556 2591 1729 2676 minoris.
1792 2589 1912 2674 ueluti
1946 2591 2105 2676 ebalum

309 2734 539 2820 Baalmelek
576 2761 646 2820 rex
685 2733 809 2845 capite
842 2733 1022 2820 Herculis
1053 2735 1256 2843 insigniuit
1285 2737 1435 2848 postica
1466 2744 1735 2832 conmutata,
1789 2733 2106 2820 dimidiatumin

308 2908 344 2966 a.
380 2878 563 2964 Herculis
595 2877 733 2988 capita,
767 2877 876 2990 inp.
910 2877 1023 2964 leone
1052 2879 1257 2966 sedentess.
1320 2881 1562 2967 Demcnicus
1593 2879 1763 2964 anticam
1794 2887 1947 2963 tantum
1977 2878 2103 2964 imita·

308 3032 373 3110 tus
401 3023 441 3108 in
471 3022 621 3136 postica
641 3022 860 3109 Mineruam
890 3023 1073 3135 apposuit
1101 3035 1302 3128 armatam,
1334 3024 1600 3112 sinistrorsum
1619 3026 1840 3110 adstantem
1851 3017 1880 3106 ⁴.
1911 3023 2107 3110 necteris

310 3167 530 3253 ciuitatibus
564 3167 701 3279 cypriis
730 3167 794 3254 ille
816 3166 1047 3252 Citiensium
1077 3175 1191 3279 typus
1221 3166 1372 3252 alienus
1402 3174 1473 3266 ast,
1503 3165 1576 3252 etsi
1608 3163 1802 3253 Salamine
1831 3161 1957 3250 leonis
1987 3165 2106 3250 mcdu

308 3312 517 3400 assilientis
547 3314 667 3399 mode
697 3313 910 3420 gradientis
941 3314 1059 3398 meda
1091 3311 1265 3399 sedentis
1294 3311 1427 3417 image
1464 3338 1543 3397 nun
1573 3309 1799 3418 indequens
1831 3307 1902 3393 fuit
1918 3305 1947 3392 ⁵.

414 3459 492 3546 Sed
515 3460 737 3544 Tarsenses·
757 3457 798 3542 in
828 3455 961 3541 Oilicia
992 3464 1200 3568 postquam
1233 3482 1484 3541 nummorum
1514 3464 1666 3566 partem
1698 3453 1910 3564 primorem
1936 3451 2107 3560 imagine

310 3603 479 3689 numinis
504 3602 692 3702 tutelaris,
722 3601 811 3688 Beli
842 3601 1026 3687 tarsensis
1057 3601 1285 3704 adsidentis,
1317 3599 1463 3711 spicam
1495 3609 1534 3684 et
1563 3611 1762 3684 racemum
1782 3599 1919 3682 dextra
1939 3593 2108 3686 tenentis

412 3985 443 4065 1)
465 4004 556 4050 revue
575 3984 817 4065 numumcta'pua
839 3983 919 4048 1867
942 4001 971 4064 p.
983 3983 1046 4046 364
1057 3999 1123 4066 sqq.
1155 4001 1225 4048 cum
1247 3980 1356 4047 tabula
1378 3979 1424 4044 Xl
1447 3977 1510 4058 (uel
1532 3977 1690 4061 munuca
1710 3975 1936 4058 d’crclre'clcpte
1957 3973 2109 4040 criurtula

311 4092 383 4159 Par.
408 4094 490 4158 1868
513 4094 546 4158 in
568 4091 759 4176 appendice).
805 4111 950 4176 magnam
977 4091 1179 4175 speciminunr
1201 4091 1323 4173 copiam
1346 4089 1418 4153 ante
1440 4086 1545 4151 caulos
1566 4084 1655 4168 ponit
1678 4084 1715 4150 da
1736 4085 1866 4168 huynes,
1894 4082 1976 4148 eaaur'
1996 4103 2052 4148 sur
2074 4082 2107 4150 lc

310 4204 552 4285 numismatipua
572 4203 627 4269 dea
647 4205 804 4285 satrapias
827 4209 855 4268 ct
877 4203 915 4268 de
932 4202 964 4268 lc
976 4201 1124 4267 Preciae
1144 4221 1217 4266 scus
1238 4199 1283 4266 lea
1298 4199 1364 4264 rote
1383 4194 1617 4262 ucduundur'dcs
1639 4194 1710 4259 Par.
1724 4193 1806 4258 1846
1822 4193 1886 4258 tab.
1899 4191 1977 4257 XIlI
1996 4193 2108 4257 2-20.

313 4313 392 4380 XIV
405 4313 539 4378 22-26.
562 4311 622 4376 XV
634 4313 774 4386 35—40;
805 4311 930 4396 singula
959 4309 1110 4393 quaedam
1133 4307 1402 4374 Racul·Rcclratte
1428 4305 1516 4370 ma'an.
1539 4299 2110 4382 u’arcte‘ot.comp.tab.112-5et

206 4467 209 4474 ·
310 4422 397 4487 mara.
419 4420 458 4486 da
479 4419 591 4485 l’ccud.
613 4419 668 4486 dea
690 4421 785 4484 incer.
808 4419 870 4484 uel.
885 4418 992 4483 xum
1013 4418 1077 4483 tab.
1088 4417 1122 4482 II
1133 4417 1162 4495 7,
1184 4417 1222 4482 R.
1232 4417 1272 4480 H.
1286 4414 1375 4498 lang
1395 4413 1594 4478 aarmuaactic
1617 4410 1772 4476 clarouicle
1786 4410 1864 4474 1871
1881 4409 1944 4476 uel.
1955 4409 2001 4474 XI
2017 4429 2047 4492 p.
2060 4411 2110 4483 16,

311 4531 347 4595 ut
369 4547 420 4594 ecs
440 4531 561 4595 taceam
583 4528 636 4610 qui
659 4528 798 4610 exempla
815 4528 918 4592 minus
940 4527 1017 4592 scite
1040 4527 1220 4610 expressisse
1241 4525 1397 4590 uidentur.

411 4637 446 4720 2)
466 4637 625 4704 dammam
650 4637 790 4702 maculae
812 4637 951 4719 arguunt
975 4634 1048 4718 pelli
1070 4653 1211 4718 aspersae
1232 4633 1266 4698 in
1287 4632 1425 4715 exemplo
1446 4629 1589 4697 lmhccfii
1611 4627 1752 4694 Blumari
1767 4626 1955 4692 Vitudurum
1976 4627 2016 4692 cl.
2039 4625 2110 4692 Sal·

310 4745 366 4812 leti
393 4745 535 4810 eductu.
559 4745 616 4826 fur
642 4744 844 4810 aumlamata‘lc
865 4745 881 4808 1
904 4763 932 4826 p.
948 4745 1008 4808 152
1021 4762 1066 4827 sq.
1088 4741 1281 4822 tat.1v‚20.
1319 4739 1476 4808 sedidem
1499 4739 1588 4806 testis
1610 4737 1754 4804 oculatus
1776 4736 1810 4801 in
1833 4735 1987 4818 plerisque
2009 4753 2109 4802 exem·

312 4854 372 4937 plis
393 4855 432 4920 ab
453 4854 519 4936 ipsc
540 4853 688 4936 inspectis
710 4853 867 4942 dammam
884 4851 1024 4918 affirmat
1041 4851 1182 4930 indicari,
1206 4853 1294 4918 cuius
1315 4850 1359 4916 rei
1382 4850 1550 4933 uestigium
1573 4866 1612 4913 na
1633 4847 1664 4912 in
1690 4847 1814 4911 nostrae
1835 4843 1961 4928 quddam
1983 4843 2110 4912 tabulae

312 4963 480 5046 specimine
501 4963 593 5029 deest.
891 5013 893 5018 .

395 5074 444 5152 ·3)
465 5073 504 5138 cl.
527 5072 565 5137 de
586 5071 696 5156 chr're
720 5071 741 5136 l.
766 5090 790 5136 s.
812 5091 840 5154 p.
852 5071 923 5136 369.

412 5181 447 5262 4)
468 5181 512 5246 id.
533 5200 562 5263 p.
576 5181 637 5245 377
649 5199 695 5263 sq.
719 5179 908 5244 tab.X117.
923 5179 961 5242 18
982 5175 1021 5243 ct.
1039 5177 1064 5243 1.
1080 5175 1223 5260 Brundis,
1244 5175 1303 5242 dcc
1323 5179 1432 5240 radm-
1450 5191 1550 5238 nusa-
1571 5169 1638 5234 uad
1657 5165 1902 5252 pantaucum
1922 5166 1958 5232 a·
1977 5164 2111 5231 Vardar·

312 5311 450 5481 mutii
466 5293 722 5482 {fflssgpmm'
744 5397 985 5481 cumiamutiqroe
1006 5402 1034 5462 er
1057 5395 1262 5476 tmcrtptuca
1281 5393 1436 5476 capriatae
1457 5387 1544 5472 (Par.
1569 5383 1666 5468 1852)
1687 5383 1752 5450 tab.
1765 5383 1809 5449 ll.
1830 5382 1876 5447 vl
1898 5383 1991 5446 5-8.
2014 5381 2111 5446 vus

313 5509 446 5593 (caput).
465 5509 532 5573 -xll
557 5510 585 5572 2.
608 5509 638 5573 6.
660 5507 700 5574 cl.
723 5507 856 5574 Brundis
879 5507 899 5572 l.
922 5525 947 5572 s.
966 5527 996 5590 p.
1012 5507 1083 5572 362.
