5124 6398
1213 713 1269 802 83

342 956 487 1042 fuerint
518 987 541 1042 a
576 969 692 1068 poeta
723 964 888 1044 narrata.
941 959 991 1044 Vt
1020 957 1102 1069 lupi
1133 957 1297 1043 ceruarii
1327 985 1488 1044 ceruum
1519 960 1746 1069 conlapsum
1775 960 1966 1050 laniantes
1989 965 2146 1054 claone

341 1103 539 1210 fugantur,
578 1101 634 1188 sic
666 1101 821 1188 'lroiani
851 1100 1004 1188 Vlixem
1034 1102 1243 1214 profligare
1273 1132 1320 1188 ac
1351 1104 1517 1216 spoliare
1549 1104 1763 1212 gestientes
1796 1105 2018 1213 diffugiunt,
2054 1137 2144 1195 oum

340 1248 468 1358 ipsum
501 1245 646 1332 Orcum
678 1245 839 1332 uideant
867 1249 1070 1334 accedere.
1131 1247 1253 1354 igitur
1284 1247 1408 1334 Orcus
1447 1250 1631 1360 praedam
1673 1277 1783 1334 snam
1814 1259 2074 1361 occupaturus
2105 1263 2146 1340 et

342 1419 477 1476 secum
508 1392 747 1476 abducturus
777 1399 872 1492 erat,
906 1391 981 1477 nisi
1012 1391 1111 1477 Aiax
1148 1390 1316 1478 salutem
1347 1391 1471 1477 sodali
1506 1390 1658 1477 tulisset
1686 1391 1761 1475 deo
1792 1393 1963 1504 repulso.

441 1536 617 1622 'landem
664 1535 785 1642 igitur
829 1536 892 1622 leo
934 1536 1086 1622 inuenit
1137 1564 1306 1645 quocum
1348 1543 1439 1644 apte
1487 1543 1754 1645 comparetur,
1806 1536 1962 1622 Orcum.
2025 1568 2143 1649 quam

342 1679 671 1789 comparationem
701 1707 780 1764 non
817 1678 921 1766 felici
956 1682 1126 1789 quadam
1163 1679 1389 1766 inuentione
1426 1689 1564 1788 poetae
1605 1688 1729 1764 ortam
1761 1681 1832 1764 sed
1864 1709 1912 1766 ex
1942 1711 2144 1772 sacrorum

342 1823 560 1910 simulacris
592 1833 631 1908 et
661 1824 910 1934 opinionibus
939 1825 1062 1935 ipsius
1090 1825 1201 1934 uulgi
1233 1821 1395 1936 petitam
1425 1850 1523 1922 esse,
1556 1823 1589 1908 si
1621 1835 1875 1909 monumenta
1905 1855 2021 1937 supra
2052 1858 2143 1939 per-

341 1969 501 2053 lustrata
520 1966 758 2070 memineris,
791 1967 903 2054 facile
932 1971 1137 2054 concedes.
1172 1995 1408 2078 quamquam
1428 1967 1594 2052 Graecia
1625 1967 1779 2075 qualem
1801 1968 1960 2076 quidem
1990 1970 2143 2058 litterae

339 2114 531 2222 produnt,
576 2137 735 2223 prorsus
766 2112 902 2220 ignara
934 2114 1017 2198 eius
1050 2113 1194 2198 estrei
1228 2111 1312 2198 sine
1343 2111 1464 2197 oblita
1495 2111 1589 2210 fuit,
1641 2107 1807 2196 uthina
1838 2113 1970 2198 doceri
1999 2117 2144 2203 frustra

341 2283 584 2367 cuperemus.
629 2283 705 2365 qna
735 2286 778 2342 re
808 2260 1014 2344 adeundus
1047 2269 1106 2344 est
1135 2257 1168 2344 is
1199 2258 1298 2360 Iona,
1331 2257 1437 2343 unde
1474 2283 1632 2340 omnem
1661 2251 1767 2339 illam
1798 2267 2142 2345 monumentorum

338 2399 568 2486 uarietatem
612 2403 662 2486 ad
695 2403 868 2488 Graecos
904 2403 1170 2514 Etruscosque
1208 2428 1387 2486 manasse
1428 2398 1611 2484 uidimus.
1674 2423 1803 2506 neque
1843 2427 1933 2510 spes
1974 2401 2141 2488 falletur.

439 2543 659 2632 Phoenices
697 2546 800 2632 enim
832 2573 1045 2656 eorumque
1085 2547 1242 2655 cognati
1275 2542 1403 2656 cyprii
1446 2554 1485 2630 et
1516 2541 1656 2628 Cilices
1688 2542 1782 2652 quid
1816 2543 2006 2628 senserint
2043 2573 2141 2656 quo-

339 2685 441 2772 tiens
472 2687 594 2773 leonis
627 2715 788 2773 ceruum
818 2691 1014 2774 bouemue
1045 2690 1223 2776 laniantia
1248 2687 1461 2798 imaginem
1484 2687 1679 2788 uiderent,
1712 2687 1931 2774 luculenter
1953 2689 2143 2775 docemur

341 2830 535 2942 Antipatri
578 2830 823 2918 Ascalonitue
867 2833 1071 2917 cuiusdam
1115 2844 1371 2919 monumento
1409 2831 1640 2944 sepulcralil
1680 2859 1783 2916 anno
1830 2831 1870 2918 h.
1914 2859 2015 2918 saec.
2045 2835 2141 2918 LXI

338 2975 503 3062 Athenis
544 2975 584 3061 in
625 2975 825 3061 Ceramico
865 3003 987 3089 prope
1028 2977 1234 3063 ecclesiam
1268 3009 1298 3065 s.
1337 2977 1519 3066 trinitatis
1549 2977 1728 3061 inuento:
1776 2977 1882 3086 quod
1913 2975 2028 3061 tertio
2058 2978 2140 3063 fere

338 3131 427 3207 ante
469 3118 562 3206 Chr.
602 3121 758 3206 sacculo
797 3122 971 3234 potnisse
1017 3123 1109 3233 poni
1157 3149 1285 3232 neque
1331 3124 1504 3208 secundo
1548 3121 1744 3207 recentius
1789 3147 1876 3206 esse
1923 3121 2140 3206 litterarum

337 3267 461 3352 forme
492 3273 637 3351 monet.
695 3263 735 3348 in
768 3293 813 3349 ea
845 3265 1026 3352 columna
1054 3268 1154 3353 infra
1184 3267 1342 3352 titulum
1374 3267 1576 3380 duplicem
1603 3273 1642 3350 et
1672 3263 1923 3377 phoenicium
1955 3275 1994 3350 et
2023 3294 2139 3376 grae·

342 3439 431 3496 cum
462 3407 622 3496 huncc.

786 3547 1031 3646 Ἀντίπατρος
1058 3543 1298 3648 Ἀφροδισίου
1321 3544 1619 3652 Ἀσκαλ[ωνι’της]

786 3671 994 3766 Δομσαλὼς
1020 3672 1178 3768 Δομανὼ
1206 3673 1378 3762 Σιδώνιος
1405 3667 1579 3756 ἀνέθηκεν

336 3801 584 3912 anaglypbon
629 3801 825 3912 sculptum
868 3813 927 3888 est
969 3803 1124 3889 insolito
1162 3803 1292 3914 potius
1333 3815 1569 3913 argumento
1614 3830 1731 3912 quam
1770 3801 1963 3913 lapicidae
2002 3803 2136 3890 labore

335 3945 489 4052 insigne
500 3941 529 4028 ².
591 3945 766 4030 inlecto
808 3947 964 4030 funebri
994 3948 1055 4032 uir
1084 3959 1261 4034 mortuus
1292 3950 1535 4049 extenditur,
1579 3949 1630 4032 ad
1663 3947 1825 4060 eiusque
1856 3953 1972 4057 caput
2002 3948 2063 4031 leo
2094 3973 2137 4032 se

340 4187 516 4194 -—--.--——-·
532 4187 567 4194 ...-
577 4187 636 4194 ...-

437 4341 470 4424 1)
492 4342 601 4406 titulos
632 4340 794 4407 ediderunt
820 4343 1097 4426 tractaueruntque
1128 4343 1301 4424 Henzenus,
1330 4343 1538 4426 Rbusopulus,
1568 4341 1600 4408 Ο.
1624 4341 1891 4418 chhamnthiua
1921 4339 2137 4408 Gildemeiater

337 4472 411 4518 uun.
435 4449 507 4515 dell'
528 4451 599 4516 inst.
625 4451 703 4514 1861
728 4451 790 4516 uol.
814 4449 955 4514 XXXIII
977 4469 1006 4532 p.
1026 4452 1086 4515 321
1100 4471 1166 4536 sqq.
1190 4453 1223 4516 F.
1244 4453 1442 4528 Lenormant,
1466 4450 1690 4533 moaopruplrie
1710 4471 1768 4514 cur
1789 4449 1821 4514 lc
1843 4451 2034 4514 1111111111
2055 4449 2137 4515 1111-

336 4561 478 4626 ar'nieuue
500 4560 592 4626 noll
614 4579 642 4642 p.
661 4561 721 4624 120
738 4579 804 4643 sqq.
842 4559 923 4644 levy
942 4561 1085 4642 pbocrrir.
1101 4562 1226 4628 studiari
1241 4563 1290 4627 III
1311 4562 1446 4644 p.17sq.
1485 4560 1522 4624 R.
1546 4559 1677 4638 Κ111111,
1700 4566 1765 4626 cut.
1789 4558 1893 4626 bilder.
1915 4559 1960 4623 im
1984 4557 2138 4624 Tbesciou

336 4690 365 4734 n.
389 4670 429 4733 57
457 4689 487 4752 p.
508 4669 548 4732 27
564 4688 609 4752 sq.
641 4667 837 4734 Cumanudes
868 4671 900 4733 In
928 4671 1182 4752 inscriptionibus
1215 4671 1344 4754 sepulcr.
1375 4669 1636 4736 11111111607
1668 4688 1696 4751 p.
1718 4670 1778 4734 198
1820 4669 1856 4732 II.
1885 4668 1925 4733 H.
1954 4666 2078 4734 Palmer
2106 4668 2137 4732 et

335 4779 360 4843 I.
384 4779 418 4843 Ε.
442 4777 572 4862 Sandys,
594 4777 728 4860 jourucl
750 4777 787 4860 of
797 4777 961 4862 philolopy
987 4775 1149 4859 (Cantabr.
1175 4779 1270 4860 1872)
1293 4777 1415 4844 111111τ
1439 4763 1605 4862 148111.
1635 4775 1688 4860 (de
1709 4795 1840 4859 quorum
1861 4775 2023 4841 sententiis
2046 4775 2135 4840 dem.

201 4899 204 4906 “
335 4887 482 4953 Huebncr
503 4887 627 4952 rettulit
648 4885 800 4954 crcbueol.
822 4889 891 4952 1111.
915 4887 996 4951 1872
1024 4888 1086 4952 uol.
1101 4886 1193 4952 XXX
1216 4906 1244 4969 p.
1261 4888 1327 4964 47).
1369 4887 1424 4953 1111
1447 4885 1524 4952 mibi
1549 4886 1707 4968 praeterea
1729 4884 1819 4948 IIcuit
1840 4885 1948 4966 ectypo
1973 4882 2135 4946 chartaceo

338 4997 421 5082 quod
443 4999 519 5064 olim
542 4996 712 5063 Keknleiua
733 4997 853 5062 amicus
874 4996 954 5062 dono
978 4995 1114 5076 dederat,
1137 4997 1168 5060 et
1190 4993 1228 5062 G.
1250 4995 1387 5061 Kaibelii
1409 4996 1508 5060 nostri
1532 4993 1721 5078 apographo.

438 5109 470 5189 2)
490 5108 717 5190 descripserunt
739 5107 774 5172 P.
798 5105 1006 5189 Pervanoglu‚
1037 5105 1152 5172 bullett.
1176 5103 1248 5172 cetl'
1269 5107 1342 5170 1111.
1370 5107 1450 5170 1861
1474 5124 1504 5187 p.
1519 5105 1579 5168 140
1622 5103 1775 5186 idemque,
1807 5101 1858 5168 die
1877 5101 2055 5186 probateine
2079 5101 2136 5166 der

335 5215 419 5282 alten
445 5213 600 5282 1111111111
622 5214 716 5297 (Lips.
745 5214 840 5295 1863)
863 5233 891 5295 p.
912 5214 1007 5296 72aq.
1051 5213 1242 5280 Ienormant
1262 5212 1283 5278 I.
1308 5232 1330 5279 a
1350 5233 1380 5298 p.
1398 5215 1467 5292 127,
1505 5212 1646 5278 omniurn
1668 5211 1902 5278 accuratissime
1927 5209 2134 5276 Rabuleio.

336 5324 465 5391 Vtinam
491 5323 667 5405 Huebnero,
696 5341 766 5386 cum
789 5321 974 5388 MIchaelam
994 5320 1147 5388 ineditum
1170 5321 1271 5388 adhuc
1297 5321 1330 5387 id
1350 5322 1586 5388 monumentum
1609 5337 1701 5404 aegre
1721 5320 1871 5384 ferentem
1894 5319 2042 5402 carperet,
2065 5317 2134 5412 pla·

267 5412 271 5420 ’
334 5434 447 5500 coisset
476 5433 525 5498 uel
547 5431 728 5499 breuissime
757 5431 906 5508 indicare,
939 5431 1067 5496 ubinam
1097 5429 1217 5496 editum
1246 5431 1348 5496 sciret.
1391 5430 1470 5496 nibil
1498 5430 1582 5496 enim
1603 5447 1701 5511 aeque
1722 5427 1808 5494 dolui
1830 5447 1926 5511 quum
1948 5426 2030 5510 qnod
2053 5423 2132 5492 illnd

1814 5538 1830 5590 1
