5124 6398
1194 816 1252 901 43

317 1056 413 1142 citos
451 1057 492 1142 in
528 1059 769 1168 profundum
812 1057 939 1166 abyssi
980 1059 1227 1146 demersisse.
1289 1085 1363 1143 nec
1395 1059 1505 1144 deest
1539 1058 1589 1142 in.
1616 1084 1662 1142 ee
1693 1085 1735 1142 re
1764 1056 1889 1144 lconis
1921 1058 2121 1143 memoria.

315 1199 482 1286 sufficiet
514 1200 649 1288 seduli
680 1202 945 1288 testimonium
984 1201 1118 1312 hymni
1150 1205 1189 1286 ΙΙ
1219 1203 1274 1288 89
1312 1206 1433 1288 zelum
1465 1205 1640 1288 droconis
1674 1203 1794 1286 iuuidi
1880 1219 1914 1287 et
1944 1235 1983 1288 cs
2012 1205 2124 1288 leonis

308 1353 464 1458 pessirui
556 1349 720 1432 concur
748 1356 879 1433 unicae
909 1349 970 1434 dei
1057 1381 1206 1463 seseque
1238 1350 1351 1434 coelis
1383 1348 1556 1442 reddidit,
1592 1373 1709 1453 quem
1730 1355 1888 1456 poetam
1909 1346 2119 1434 draconem

313 1517 384 1600 pro
416 1489 573 1591 Catane,
604 1489 760 1577 leonem
798 1519 869 1601 pro
902 1493 1002 1578 Crco
1032 1493 1162 1578 dicere
1193 1489 1411 1596 intelleges.
1451 1489 1636 1597 idemque
1666 1489 1901 1596 figmentum
1931 1487 1972 1573 in
1999 1491 2118 1574 ebore

313 1632 465 1743 sculpto
512 1633 663 1719 circiter
699 1665 732 1719 a.
767 1617 893 1722 14110Ι
911 1636 1011 1722 inter
1051 1634 1320 1744 bybliothecae
1365 1633 1565 1720 naticanae
1602 1632 1851 1742 antiquitates
1893 1631 2121 1720 christianes

314 1803 545 1886 expressum
578 1777 659 1861 uidi
672 1771 698 1862 1.
766 1777 866 1862 Cum
905 1789 1035 1864 tamen
1068 1777 1271 1865 Christum
1309 1777 1431 1863 semel
1471 1778 1682 1862 daemonas
1721 1776 1891 1861 infernos
1923 1777 2121 1864 domuisse

315 1931 623 2006 consentaneum
653 1932 770 2021 esset,
802 1923 947 2030 uulgus
978 1922 1199 2008 fabularum
1228 1928 1417 2032 appetens
1448 1921 1667 2007 necessario
1699 1948 1746 2006 eo
1778 1920 1953 2005 delatum
1988 1929 2122 2005 estut

315 2064 480 2174 singulis
510 2062 737 2152 hominibus
767 2068 1011 2154 moribundis
1044 2068 1230 2175 angelum
1261 2066 1324 2150 dei
1352 2067 1490 2152 adesse
1512 2067 1728 2150 crederent.
1761 2062 1867 2150 hunc
1887 2063 2121 2150 Michaelem

315 2208 608 2317 archangelum,
640 2211 783 2296 ducem
814 2212 1080 2312 fortissimum,
1119 2211 1329 2296 noluerunt
1363 2237 1463 2294 esse.
1496 2211 1601 2318 quod
1635 2208 1853 2322 praeiuerat
1875 2207 2121 2294 libraeorum

316 2352 496 2463 populus.
542 2381 633 2438 nam
664 2357 772 2462 quod
802 2355 842 2439 in
874 2355 1040 2466 epistula
1071 2345 1417 2464 ludseapost01i²
1452 2353 1622 2460 legimus
1650 2351 1884 2438 Michaelem
1916 2381 2005 2436 cum
2037 2352 2120 2437 dia-

314 2497 406 2583 bolo
438 2499 488 2581 de
518 2497 661 2606 Moysis
698 2525 859 2609 corpore
899 2500 1127 2586 altercatum
1163 2525 1263 2596 esse,
1316 2527 1366 2584 ex
1398 2483 1614 2584 uetustiore
1649 2506 1809 2612 apparet
1842 2496 1974 2582 fabula
2005 2523 2117 2606 repe-

316 2641 430 2724 titum
464 2669 563 2742 esse,
597 2669 696 2750 quae
733 2643 773 2726 in
803 2644 903 2729 libro
925 2643 1167 2756 apocrypho,
1203 2641 1469 2752 assumptione
1503 2639 1659 2749 Moysis,
1696 2648 1848 2724 narrata
1883 2647 1976 2723 erat.
2030 2640 2115 2724 Iam

318 2787 410 2870 uide
450 2813 567 2894 quam
612 2787 775 2875 firmiter
824 2789 1088 2876 uetustissima
1128 2790 1316 2896 figmenta
1356 2783 1493 2868 animis
1541 2781 1721 2867 humanis
1769 2781 2009 2866 inhaereant.
2067 2785 2119 2868 ad

319 2927 426 3014 hunc
457 2929 562 3016 enim
602 2959 727 3041 usque
764 2932 870 3018 diem
905 2934 1069 3019 ecclesia
1104 2959 1266 3016 romana
1300 2935 1340 3012 et
1373 2927 1414 3010 in
1444 2927 1699 3034 exequiarum
1741 2925 1869 3011 officio
1903 2934 1942 3010 et
1975 2925 2117 3035 postri-

317 3074 381 3160 die
415 3073 490 3159 kal.
524 3101 615 3160 nou.
651 3075 692 3160 in
736 3079 1102 3164 commemoratione
1146 3076 1361 3162 animarum
1404 3068 1480 3156 hoc
1516 3070 1626 3157 iubet
1667 3071 1908 3156 offertorium
1947 3069 2118 3156 recitari:

317 3221 484 3304 Doruiue
507 3223 592 3306 Iesu
614 3221 770 3319 Christe,
802 3254 870 3307 reu
887 3225 1043 3335 qloriuc,
1075 3223 1194 3306 libero
1224 3222 1374 3302 cuiusce
1401 3220 1565 3298 omniurn
1582 3215 1757 3326 fidelium
1787 3213 2044 3324 defunctorum
2073 3217 2119 3302 de

310 3369 440 3472 poeuis
462 3368 606 3474 inserui
628 3381 662 3450 et
687 3365 732 3450 de
747 3369 938 3478 pritfuudo
965 3368 1073 3464 tocu;
1099 3368 1217 3452 libero
1237 3395 1303 3448 ecs
1323 3361 1368 3446 de
1394 3391 1457 3444 ore
1475 3360 1598 3456 huis,
1626 3389 1673 3442 ue
1697 3359 1891 3444 c-bsorbeot
1911 3391 1976 3445 ecs
1995 3376 2116 3446 torto-

316 3536 401 3601 rus,
432 3537 478 3592 ue
515 3509 654 3592 cadom
690 3516 730 3592 iu
764 3511 980 3606 obscurum,
1021 3511 1089 3595 aed
1114 3512 1274 3622 siquiser
1310 3521 1461 3590 sauctus
1492 3505 1663 3589 Micbuct
1694 3520 1944 3616 repraesentet
1983 3537 2047 3590 ecs
2077 3513 2117 3590 iu

315 3649 433 3732 bsecro
453 3641 662 3745 scudcml
704 3681 817 3762 quoru
833 3653 919 3736 olim
938 3627 1120 3738 Abrahae
1134 3657 1339 3764 promicasti
1359 3663 1393 3734 ct
1412 3656 1544 3732 semini
1570 3656 1656 3733 eius.
1698 3675 1794 3732 num
1813 3647 1940 3758 potuit
1958 3648 2117 3756 roligio-

315 3789 396 3876 sius
432 3801 498 3874 aut
532 3792 766 3901 pertinacius
802 3793 925 3879 leonis
956 3794 1082 3906 prisca
1117 3792 1298 3877 maiestas
1338 3791 1512 3877 seruerit

313 4127 321 4146 ⁸
417 4131 450 4212 l)
473 4130 672 4214 anaglyphon
693 4130 772 4196 illud
796 4132 962 4196 eburneum
985 4132 1106 4214 praeter
1129 4130 1244 4196 Christi
1267 4131 1520 4196 resurrectionem
1541 4137 1652 4214 (segm.
1667 4129 1705 4211 1),
1730 4127 1889 4195 Christum
1910 4129 2010 4195 crucis
2029 4130 2116 4213 ligno

316 4240 480 4306 oneratum
505 4239 553 4322 (3)
574 4239 605 4304 et
627 4238 730 4321 ipsum
751 4240 923 4304 cruciatum
947 4239 1056 4321 (4-6)
1078 4241 1159 4305 hanc
1180 4241 1213 4304 in
1236 4241 1333 4306 altero
1356 4243 1516 4324 segmento
1538 4240 1749 4322 repraesentat
1771 4257 1931 4304 scaenam:
1974 4238 2116 4304 Christus

316 4366 386 4412 cum
409 4365 498 4412 cruce
527 4346 566 4412 ad
595 4347 709 4411 inferos
739 4345 897 4412 descendit
926 4347 1046 4411 animas
1068 4366 1103 4411 ex
1125 4347 1261 4413 Satanae
1282 4350 1435 4430 potestate
1456 4349 1654 4415 liberaturus.
1700 4348 1786 4412 humi
1809 4348 2000 4431 conspicitur
2022 4350 2116 4431 caput

313 4455 422 4534 leonis,
457 4475 492 4521 er
520 4456 608 4520 cuius
636 4475 687 4520 ore
717 4474 839 4520 sumum
872 4455 997 4537 patente
1023 4455 1073 4519 uir
1104 4456 1205 4520 nudus
1232 4457 1263 4520 et
1285 4456 1402 4522 femina
1433 4456 1554 4540 prodire
1584 4457 1731 4522 uidentur
1761 4455 1904 4521 manibus
1926 4457 2116 4539 supplicibus

316 4563 475 4630 Christum
497 4566 664 4647 precantes.

416 4675 448 4753 2)
473 4674 540 4738 u.9
562 4667 619 4738 dcc
641 4671 779 4758 Μιχαήλ
802 4667 822 4738 ὁ
846 4662 1041 4756 α’ρχάγγελος
1062 4667 1137 4736 τότε
1159 4675 1206 4758 τῷ
1228 4669 1370 4760 διαβόλῳ
1392 4669 1637 4758 διακρινόμενος
1654 4671 1815 4758 διελέγετο
1838 4672 1916 4756 περὶ
1937 4674 1996 4738 τοῦ
2011 4675 2114 4738 Μωυ-

315 4781 399 4861 σέως
429 4777 583 4865 σώματος
608 4819 655 4848 -.
702 4784 740 4848 de
773 4785 985 4867 assumptione
1016 4783 1132 4868 Moysis
1164 4784 1343 4853 testimonia
1377 4786 1441 4851 uid.
1472 4806 1519 4870 ap.
1544 4786 1750 4850 Fritaschinm
1784 4785 1854 4850 libr.
1885 4801 1985 4865 apocr.
2017 4783 2054 4847 t.
2078 4784 2114 4850 Τ.

316 4913 345 4976 p.
357 4893 495 4960 XXXIV
508 4912 553 4976 sq.
598 4893 685 4957 cuius
707 4893 780 4959 libri
807 4912 878 4958 cum
908 4893 1027 4976 partem
1052 4911 1114 4957 non
1136 4910 1266 4974 paruam
1291 4891 1450 4959 Cerianius
1472 4893 1685 4976 bybliothecae
1707 4893 1921 4958 ambrosianae
1941 4892 2115 4975 praefectus

316 5001 514 5066 doctissimus
527 5001 727 5085 indagauerit
749 5002 780 5066 et
801 4999 941 5078 ediderit,
963 5000 1055 5065 illum
1069 4999 1169 5083 ipsum
1185 4999 1288 5064 locum
1303 5001 1336 5066 in
1353 5002 1472 5067 schedis
1493 5003 1671 5086 reciperatis
1693 5020 1754 5067 non
1774 5002 1837 5086 legi
1859 5001 1951 5066 ualde
1965 5001 2114 5082 dolemus,

314 5110 367 5176 sed
392 5110 541 5176 damnum
564 5111 754 5194 conpensant
775 5128 854 5194 quae
868 5127 903 5173 er
917 5107 1042 5176 scholiis
1064 5108 1149 5175 illius
1171 5107 1322 5190 epistulae
1331 5107 1562 5192 Hilgenfeldius
1585 5111 1747 5192 conposuit
1764 5109 1895 5178 Messias
1912 5109 1981 5175 Iud.
1998 5131 2028 5194 p.
2041 5113 2114 5179 460.

415 5214 450 5302 3)
473 5219 597 5304 egregie
624 5219 699 5284 haec
727 5217 926 5284 illustrantur
955 5216 1076 5300 pictura
1106 5214 1252 5299 quadam,
1288 5235 1349 5299 qua
1381 5235 1459 5283 saec.
1475 5217 1535 5282 XV
1565 5217 1667 5284 Rhodi
1695 5221 1803 5304 crypta
1827 5237 1921 5302 prope
1953 5219 2113 5286 ecclesiam

248 5413 252 5424 Ι
316 5325 468 5392 Philermi
491 5329 603 5392 ornata
625 5327 687 5392 est:
723 5343 889 5391 cauernam
918 5324 1004 5390 uides
1032 5324 1151 5390 ossibus
1173 5327 1203 5389 et
1226 5323 1372 5390 calcariis
1393 5326 1469 5391 satis
1491 5325 1702 5410 significatam
1723 5330 1886 5411 tamquam
1909 5327 1981 5394 Orci
2002 5325 2115 5393 introi-

316 5436 400 5511 tnm;
420 5435 465 5500 ibi
485 5435 650 5502 draconem
671 5435 873 5500 excubantem
894 5434 1029 5500 Michael
1051 5434 1219 5517 depugnat.
1243 5433 1335 5499 draco
1357 5434 1394 5498 nt
1416 5433 1551 5500 Satanae
1571 5433 1690 5500 animal
1713 5435 1871 5518 praestare
1893 5435 2002 5518 pictori
2026 5434 2114 5501 nium

318 5543 374 5608 cst.
397 5542 460 5608 nid.
484 5541 633 5620 Bottiers‚
656 5543 753 5610 deser.
777 5543 833 5608 des
852 5563 1034 5610 mouuruens
1055 5543 1094 5609 de
1113 5543 1239 5610 Rhodes
1260 5544 1369 5626 (Brur.
1385 5543 1478 5626 1828)
1500 5545 1564 5610 tab.
1577 5543 1649 5610 LXI
1672 5545 1711 5610 cf.
1733 5565 1762 5628 p.
1774 5546 1837 5610 369
1847 5562 1914 5626 sqq.
