5124 6398
1335 733 1392 820 38

566 972 674 1078 Quae
704 973 737 1060 si
767 984 872 1060 reete
903 975 1100 1086 disputata
1129 985 1239 1079 sunt,
1276 978 1434 1064 leonem
1471 989 1624 1090 oportet
1659 1009 1683 1066 a
1713 979 1868 1092 populis
1900 980 2030 1092 stirpis
2066 981 2265 1068 semitiaae

465 1145 535 1229 pro
566 1118 651 1228 ipso
681 1118 822 1203 inferni
856 1119 1048 1206 daemone
1085 1149 1172 1208 ease
1199 1119 1398 1226 habitum,
1445 1124 1513 1233 qui
1557 1125 1607 1207 de
1638 1123 1833 1252 defunctis
1874 1151 1964 1210 oum
1994 1125 2121 1232 geniis
2151 1126 2265 1214 bonis

464 1289 622 1348 seruare
652 1262 800 1348 animas
830 1263 915 1372 pias
945 1266 1066 1348 etad
1098 1265 1250 1350 eaelum
1281 1263 1451 1352 euehere
1473 1267 1686 1354 nitentibus
1718 1278 1868 1354 oertare
1902 1267 2037 1354 soleat.
2085 1269 2126 1354 id
2157 1271 2264 1379 quod

464 1407 737 1493 Hebraeorum
769 1407 877 1493 libris
909 1409 1029 1494 aaoris
1059 1409 1175 1521 plane
1204 1412 1464 1497 confirmatur.
1527 1412 1582 1498 sio
1618 1411 1724 1497 enim
1754 1411 1981 1522 psalmodus
2010 1411 2086 1498 ait:
2119 1415 2265 1502 ιίοοιιῗαε

463 1554 554 1640 deus
581 1585 696 1652 οτεαε,
727 1559 767 1638 in
787 1569 821 1639 te
849 1562 1012 1668 sperooi.
1063 1559 1211 1640 εαίτααο
1240 1589 1300 1642 me
1318 1561 1398 1669 suo
1428 1589 1473 1644 ea
1503 1559 1671 1642 omuibus
1683 1559 1987 1670 persequentibus
2006 1589 2065 1642 me
2085 1573 2120 1643 et
2145 1561 2265 1644 libera

462 1730 534 1794 me,
571 1730 617 1783 ne
648 1699 796 1810 quondo
826 1706 955 1812 rapiat
989 1715 1037 1784 ot
1057 1702 1110 1784 ίεο
1140 1707 1309 1785 unionum
1340 1733 1486 1798 meum,
1534 1703 1624 1787 ιλαοι
1664 1735 1736 1786 uon
1775 1708 1922 1814 estqui
1957 1703 2121 1788 redimat
2147 1735 2265 1816 νιεηαο

466 1848 531 1955 qui
556 1843 703 1927 saluom
723 1847 857 1954 faeiat
870 1852 897 1926 1.
940 1842 1082 1951 quibus
1108 1843 1241 1929 uerbis
1264 1843 1481 1954 periculos
1504 1844 1618 1932 leone
1637 1843 1857 1930 imminenti
1887 1845 2108 1956 redemptio
2138 1845 2263 1933 salus·

465 1983 540 2094 que
585 1984 806 2097 opponitur.
877 2013 1006 2095 neque
1044 1987 1174 2092 minus
1215 1988 1256 2072 in
1296 1991 1464 2074 eandem
1505 1989 1738 2076 sententiam
1780 1989 2030 2099 recipiendae
2070 1990 2262 2100 psalmodi

385 2217 391 2228 ,
462 2154 599 2240 preces
637 2127 758 2216 haece
798 2163 884 2216 οναε
925 2164 951 2216 α
972 2137 1137 2244 fromeo
1167 2134 1258 2218 deus
1301 2139 1472 2218 αττ-λαντον
1509 2164 1645 2229 meunt,
1685 2133 1795 2216 etde
1824 2163 1942 2216 mono
1972 2139 2080 2217 ooaie
2109 2139 2260 2220 ouiuoor

462 2306 595 2360 meum.
656 2277 767 2360 soluo
798 2307 856 2362 me
887 2308 932 2362 σε
963 2308 1025 2362 ore
1062 2279 1174 2362 λεοοίε
1213 2293 1247 2362 et
1284 2310 1310 2362 α
1353 2275 1532 2362 omuibus
1567 2281 1799 2361 ιιοίεοιηίαια
1840 2277 2084 2362 bumilitatem
2124 2307 2260 2362 ιιιεαια.

464 2425 503 2500 et
535 2415 718 2522 quoniam
749 2419 868 2501 deum
896 2416 1037 2500 inferni
1067 2427 1184 2526 atque
1226 2417 1409 2504 Satanam
1452 2420 1516 2504 uel
1551 2418 1751 2504 diabolum
1782 2447 1804 2504 e
1833 2419 2045 2505 Persarum
2073 2419 2261 2526 religione

460 2559 628 2670 petitum
657 2570 810 2646 tantum
840 2588 920 2645 non
950 2563 1122 2648 eundem
1157 2560 1343 2661 habuere,
1386 2564 1511 2650 leonis
1538 2563 1750 2649 similitudo
1781 2564 1833 2648 ad
1871 2563 2069 2648 diabolum
2103 2592 2260 2673 quoque

457 2703 644 2790 translata
674 2713 747 2805 est,
777 2714 821 2789 ut
851 2708 965 2790 sobrii
1001 2721 1118 2804 εείοίε,
1148 2710 1312 2820 oipilote,
1344 2717 1433 2823 quio
1465 2709 1709 2794 aduersarios
1738 2723 1859 2794 uester
1879 2709 2047 2794 diabolus
2067 2725 2260 2822 tomqrrora

459 2851 513 2934 leo
538 2856 689 2963 πφίεοε
714 2857 847 2936 σίτοισί
861 2891 864 2900 ·
878 2881 1060 2963 ηοαοναιε
1080 2883 1187 2964 quem
1208 2851 1391 2939 deuorari
1435 2853 1541 2960 quod
1563 2851 1595 2936 si
1618 2849 1704 2960 quis
1723 2850 1764 2936 in
1784 2848 1846 2935 his
1868 2859 1908 2936 et
1927 2849 2117 2938 similibus
2139 2851 2257 2936 etiam

457 3019 563 3078 nuno
584 2993 737 3076 dubitet
757 2993 845 3104 plus
870 3020 989 3103 quam
1019 2993 1172 3078 facilem
1202 3023 1249 3079 ao
1281 2997 1482 3082 fortuitam
1513 2996 1841 3107 comparationem
1863 2997 2005 3080 laetam
2027 2996 2256 3098 uouemere,

459 3137 558 3224 alius
588 3138 698 3224 loeus
729 3137 1015 3223 dubitationem
1043 3136 1165 3224 tollet.
1210 3139 1398 3250 epistulae
1428 3142 1478 3226 ad
1499 3141 1676 3240 Ebraeos
1708 3139 1872 3250 scriptor
1895 3139 1997 3224 inter
2029 3138 2103 3240 alia
2133 3140 2267 3225 bene-³

456 3283 555 3386 licia,
588 3310 689 3393 quae
721 3281 897 3394 patribus
928 3283 1009 3370 suis
1051 3283 1125 3394 piis
1158 3293 1197 3369 et
1228 3282 1431 3395 prophetis
1459 3286 1628 3396 populus
1663 3285 1825 3383 debeat,
1864 3281 1941 3369 hoo
1982 3311 2139 3394 quoque
2172 3312 2256 3370 me-

456 3436 582 3525 morat
611 3429 876 3512 οίιααοιιατιοε
905 3459 972 3513 oro
1004 3429 1187 3526 ίεοοιιιοθ,
1221 3426 1316 3514 lae.
1347 3429 1491 3539 pietate
1515 3457 1586 3514 sua
1604 3429 1775 3539 impetus
1795 3427 1940 3514 diaboli
1960 3429 2106 3538 populo
2128 3427 2254 3514 eleeto

453 3569 639 3658 inhiantis
675 3581 1013 3682 compescuerunt.
1080 3570 1174 3657 hine
1210 3599 1336 3681 usque
1376 3575 1428 3658 ad
1469 3572 1670 3658 absordum
1707 3572 1923 3658 litterarum
1967 3571 2255 3658 remanentium

457 3713 665 3802 Christiani
695 3715 879 3822 Satanam
914 3715 1025 3800 illum
1061 3716 1204 3804 inferni
1242 3745 1379 3826 regem
1407 3719 1531 3804 leonis
1566 3719 1691 3804 forma
1720 3716 1882 3802 induere
1915 3716 2017 3802 soliti
2047 3727 2149 3803 sunt.
2209 3717 2256 3802 ln

454 4066 525 4112 eum
547 4047 641 4112 sehol.
671 4047 704 4110 V
728 4041 812 4123 ἔθος
833 4046 915 4133 φησί
934 4047 1053 4130 (quial)
1075 4043 1166 4130 παρὰ
1187 4047 1339 4126 Λινδίοις
1359 4051 1467 4116 τοῦτο.
1513 4050 1644 4116 fortuma
1664 4049 1737 4114 hino
1758 4050 1849 4131 poeta
1871 4047 1966 4114 etiarn
1989 4047 2155 4113 Hectorem
2179 4048 2253 4113 feeit

453 4159 489 4222 ut
508 4157 644 4222 amioum
667 4156 827 4222 Cobrionis
847 4156 1005 4223 interfecti
1028 4159 1122 4240 caput
1143 4161 1256 4243 tenere,
1279 4159 1459 4226 Patroclum
1483 4159 1604 4223 hostem
1624 4156 1714 4240 pedes
1735 4157 1870 4240 arripere
1892 4159 1930 4218 Π
1949 4155 2011 4220 762
2022 4173 2067 4238 sq.

556 4266 587 4346 1)
609 4264 722 4348 psalmi
745 4265 805 4330 VII
827 4265 936 4331 initio:
980 4260 1083 4348 Κύριε
1105 4261 1123 4331 ὁ
1147 4263 1231 4344 θεός
1251 4291 1327 4352 μου,
1350 4265 1407 4334 ἐπὶ
1428 4267 1482 4332 σοὶ
1505 4257 1645 4356 ἤλπισα·
1679 4257 1789 4331 σῶσόν
1808 4285 1850 4346 με
1875 4261 1911 4328 ἐκ
1934 4257 2068 4328 πάντων
2087 4265 2155 4328 τῶν
2175 4264 2252 4328 διω-

453 4368 577 4439 κόντων
598 4395 639 4456 με
662 4373 716 4438 καί
736 4373 832 4459 ῥῦσαί
852 4395 904 4457 με,
926 4367 977 4460 μή
999 4398 1103 4440 ποτε
1126 4371 1286 4464 ἁρπάσῃ
1309 4369 1361 4454 ῶς
1384 4375 1489 4442 λέων
1510 4372 1583 4462 τὴν
1606 4369 1737 4463 ψυχήν
1758 4397 1844 4458 μον,
1863 4368 1908 4459 μη
1924 4363 2019 4452 ὄντος
2033 4373 2251 4456 λυτρουμένου

450 4479 533 4568 μηδὲ
557 4475 730 4565 σώζοντος.
775 4482 852 4548 XXI
876 4485 912 4548 21
946 4485 1041 4569 ῥῦσαι
1065 4473 1133 4550 ἀπὸ
1155 4485 1320 4573 ῥομφαίας
1340 4481 1399 4571 τὴν
1419 4478 1527 4570 ψυχήν
1547 4507 1612 4566 μου
1633 4482 1687 4548 καὶ
1709 4480 1744 4548 ἐκ
1762 4477 1871 4564 χειρὸς
1899 4477 1996 4559 κενός
2016 4479 2075 4568 τὴν
2094 4485 2252 4568 μονογενῆ

450 4616 525 4676 μον.
567 4586 704 4658 σῶσόν
722 4613 770 4674 με
791 4589 834 4658 εἰι
855 4587 1062 4675 στόματος
1083 4592 1260 4677 λέοντος,
1288 4593 1342 4660 καί
1363 4587 1431 4660 ἀπὸ
1453 4585 1598 4676 κεράτων
1618 4583 1855 4673 μονοκερῶτων
1875 4585 1934 4677 τὴν
1955 4587 2155 4654 ταπείνωσίν
2176 4613 2250 4673 μον.

551 4701 585 4783 2)
605 4721 652 4784 ep.
676 4700 762 4767 Petri
785 4701 801 4766 I
822 4703 886 4780 5‚8
929 4695 1067 4787 νήψατε,
1099 4698 1333 4791 γρηγορήσατε·
1366 4692 1572 4778 ὁῶντίδικος
1601 4694 1692 4782 ὑμῶν
1713 4692 1867 4780 διάβολος
1894 4691 1940 4776 ῶς
1961 4695 2044 4762 λέων
2065 4689 2252 4782 ῶρνόμενας

452 4811 641 4892 περιπαπεῖ
663 4809 767 4893 ζητῶν
789 4831 861 4873 τινα
882 4815 1064 4876 καταπιεῖν.

552 4919 587 4998 3)
609 4935 634 4982 e.
651 4915 698 4981 XI
720 4917 760 4981 32
771 4935 816 4998 sq.
841 4913 896 4980 καὶ
914 4913 947 4980 τί
971 4911 1021 4982 ἔτι
1043 4914 1125 5001 λέγω
1132 4942 1143 4995 ‚·
1167 4915 1335 5002 ἐπιλείψει
1356 4912 1415 5002 γάρ
1438 4940 1479 4999 με
1500 4911 1711 5002 διηγούμενον
1734 4909 1752 4982 ὁ
1774 4909 1892 4998 χρόνος
1904 4913 1983 4998 περὶ
1994 4909 2122 4980 ίέδεῶν
2137 4911 2250 4999 Βαράκ

452 5017 602 5108 Σαμψῶν
632 5013 764 5112 Ἰεφθάε
799 5022 920 5090 Δαυείδ
948 5047 983 5089 τε
1012 5025 1065 5090 καὶ
1093 5020 1247 5116 Σαμουὴλ
1275 5025 1330 5092 καὶ
1356 5028 1422 5092 τῶν
1448 5026 1640 5113 προφητῶν,
1674 5019 1711 5089 οἳ
1734 5020 1787 5088 διὰ
1815 5021 1961 5102 πίστεως
1990 5024 2249 5109 κατηγωνίσαντο

450 5131 626 5216 βασιλείας,
655 5128 843 5217 είργάσαντο
867 5127 1080 5218 δικαιοσύνην,
1109 5131 1267 5215 ἐπέτυχον
1289 5133 1497 5220 ἐπαγγελιῶν,
1526 5129 1710 5221 ἔφραξαν
1731 5125 1919 5216 στόματα
1940 5127 2133 5218 λεόντων,
2154 5129 2249 5217 ἔσβε-

450 5265 510 5311 σαν
533 5238 668 5325 δύναμιν
693 5239 808 5327 πυρός,
839 5238 961 5331 ἔφυγον
986 5239 1134 5327 στόματα
1162 5242 1320 5330 μαχαίρης
1341 5244 1407 5310 κτλ.
1450 5244 1526 5310 huso
1548 5243 1607 5308 etsi
1630 5242 1728 5325 possis
1749 5241 1790 5307 ad
1813 5241 1954 5326 singulos
1978 5242 2104 5326 singula
2126 5242 2248 5324 referre,

449 5355 544 5450 uelut·
557 5355 660 5420 leonas
681 5352 816 5418 domitus
838 5351 878 5418 ad
898 5352 1059 5418 Danielem
1082 5353 1135 5432 (ef.
1155 5371 1249 5436 supra
1269 5372 1298 5435 p.
1313 5354 1363 5432 27,
1376 5353 1410 5434 4)
1438 5353 1470 5416 et
1491 5351 1701 5434 Sampsonem,
1730 5349 1836 5415 tamen
1858 5349 2057 5416 manifestum
2081 5353 2128 5418 est
2150 5370 2246 5436 gene·

449 5464 543 5530 ratim
564 5461 650 5528 diota
670 5481 743 5528 ease.
