<?xml version="1.0" encoding="UTF-8"?>
<!DOCTYPE html PUBLIC "-//W3C//DTD XHTML 1.0 Transitional//EN"
    "http://www.w3.org/TR/xhtml1/DTD/xhtml1-transitional.dtd">
<html xmlns="http://www.w3.org/1999/xhtml" xml:lang="en" lang="en">
 <head>
  <title>
</title>
<meta http-equiv="Content-Type" content="text/html;charset=utf-8" />
  <meta name='ocr-system' content='tesseract 3.04.00' />
  <meta name='ocr-capabilities' content='ocr_page ocr_carea ocr_par ocr_line ocrx_word'/>
</head>
<body>
  <div class='ocr_page' id='page_1' title='image "./deiliadiscarmin00usengoog_0009.png"; bbox 0 0 5124 6398; ppageno 0'>
   <div class='ocr_carea' id='block_1_1' title="bbox 1324 733 1353 816">
    <p class='ocr_par' dir='ltr' id='par_1_1' title="bbox 1324 680 1353 816">
     <span class='ocr_line' id='line_1_1' title="bbox 1324 733 1353 816; baseline 0 0"><span class='ocrx_word' id='word_1_1' title='bbox 1324 733 1353 816; x_wconf 82' lang='lat' dir='ltr'>a</span> 
     </span>
    </p>
   </div>
   <div class='ocr_carea' id='block_1_2' title="bbox 343 974 2310 4829">
    <p class='ocr_par' dir='ltr' id='par_1_2' title="bbox 343 974 2310 4829">
     <span class='ocr_line' id='line_1_2' title="bbox 437 974 2240 1086; baseline -0.001 -27"><span class='ocrx_word' id='word_1_2' title='bbox 437 985 546 1060; x_wconf 88' lang='lat' dir='ltr'>atot</span> <span class='ocrx_word' id='word_1_3' title='bbox 587 977 749 1064; x_wconf 88' lang='lat' dir='ltr'>medicis</span> <span class='ocrx_word' id='word_1_4' title='bbox 789 979 931 1063; x_wconf 87' lang='lat' dir='ltr'>fnrstra</span> <span class='ocrx_word' id='word_1_5' title='bbox 967 977 1097 1063; x_wconf 87' lang='lat' dir='ltr'>uexati</span> <span class='ocrx_word' id='word_1_6' title='bbox 1143 1005 1259 1086; x_wconf 90' lang='lat' dir='ltr'>quam</span> <span class='ocrx_word' id='word_1_7' title='bbox 1300 979 1350 1061; x_wconf 92' lang='lat' dir='ltr'>de</span> <span class='ocrx_word' id='word_1_8' title='bbox 1383 976 1627 1061; x_wconf 88' lang='lat' dir='ltr'>medicomm</span> <span class='ocrx_word' id='word_1_9' title='bbox 1668 975 1842 1086; x_wconf 86' lang='lat' dir='ltr'>ipsorum</span> <span class='ocrx_word' id='word_1_10' title='bbox 1880 974 2004 1059; x_wconf 86' lang='lat' dir='ltr'>salute</span> <span class='ocrx_word' id='word_1_11' title='bbox 2055 975 2240 1084; x_wconf 88' lang='lat' dir='ltr'>despera-</span> 
     </span>
     <span class='ocr_line' id='line_1_3' title="bbox 436 1117 2239 1232; baseline 0.001 -31"><span class='ocrx_word' id='word_1_12' title='bbox 436 1128 547 1206; x_wconf 88' lang='lat' dir='ltr'>turus</span> <span class='ocrx_word' id='word_1_13' title='bbox 579 1121 648 1206; x_wconf 88' lang='lat' dir='ltr'>sit:</span> <span class='ocrx_word' id='word_1_14' title='bbox 689 1123 788 1207; x_wconf 92' lang='lat' dir='ltr'>adeo</span> <span class='ocrx_word' id='word_1_15' title='bbox 821 1122 894 1207; x_wconf 91' lang='lat' dir='ltr'>sibi</span> <span class='ocrx_word' id='word_1_16' title='bbox 928 1122 1091 1232; x_wconf 91' lang='lat' dir='ltr'>quisque</span> <span class='ocrx_word' id='word_1_17' title='bbox 1128 1121 1200 1206; x_wconf 88' lang='lat' dir='ltr'>soli</span> <span class='ocrx_word' id='word_1_18' title='bbox 1237 1147 1373 1231; x_wconf 77' lang='lat' dir='ltr'><strong>sapere</strong></span> <span class='ocrx_word' id='word_1_19' title='bbox 1404 1119 1615 1218; x_wconf 91' lang='lat' dir='ltr'>uidebitur,</span> <span class='ocrx_word' id='word_1_20' title='bbox 1659 1127 1738 1204; x_wconf 90' lang='lat' dir='ltr'>tam</span> <span class='ocrx_word' id='word_1_21' title='bbox 1769 1117 1865 1202; x_wconf 90' lang='lat' dir='ltr'>nihil</span> <span class='ocrx_word' id='word_1_22' title='bbox 1895 1119 2043 1228; x_wconf 88' lang='lat' dir='ltr'>patebit</span> <span class='ocrx_word' id='word_1_23' title='bbox 2073 1124 2140 1202; x_wconf 86' lang='lat' dir='ltr'>aut</span> <span class='ocrx_word' id='word_1_24' title='bbox 2170 1145 2239 1204; x_wconf 88' lang='lat' dir='ltr'>ax-</span> 
     </span>
     <span class='ocr_line' id='line_1_4' title="bbox 436 1260 2238 1375; baseline -0.001 -29"><span class='ocrx_word' id='word_1_25' title='bbox 436 1263 631 1375; x_wconf 88' lang='lat' dir='ltr'>ploratum</span> <span class='ocrx_word' id='word_1_26' title='bbox 665 1273 731 1348; x_wconf 88' lang='lat' dir='ltr'>aut</span> <span class='ocrx_word' id='word_1_27' title='bbox 761 1266 898 1350; x_wconf 88' lang='lat' dir='ltr'>saltam</span> <span class='ocrx_word' id='word_1_28' title='bbox 935 1266 985 1348; x_wconf 89' lang='lat' dir='ltr'>ad</span> <span class='ocrx_word' id='word_1_29' title='bbox 1015 1264 1327 1375; x_wconf 80' lang='lat' dir='ltr'>probabilitatem</span> <span class='ocrx_word' id='word_1_30' title='bbox 1357 1267 1584 1365; x_wconf 87' lang='lat' dir='ltr'>adductum,</span> <span class='ocrx_word' id='word_1_31' title='bbox 1629 1273 1709 1350; x_wconf 91' lang='lat' dir='ltr'>tam</span> <span class='ocrx_word' id='word_1_32' title='bbox 1745 1260 1843 1347; x_wconf 89' lang='lat' dir='ltr'>nihil</span> <span class='ocrx_word' id='word_1_33' title='bbox 1875 1262 2099 1373; x_wconf 67' lang='lat' dir='ltr'>dispiciatur</span> <span class='ocrx_word' id='word_1_34' title='bbox 2131 1262 2238 1362; x_wconf 89' lang='lat' dir='ltr'>certi,</span> 
     </span>
     <span class='ocr_line' id='line_1_5' title="bbox 439 1407 2111 1519; baseline 0.001 -30"><span class='ocrx_word' id='word_1_35' title='bbox 439 1409 544 1490; x_wconf 92' lang='lat' dir='ltr'>unda</span> <span class='ocrx_word' id='word_1_36' title='bbox 575 1415 766 1516; x_wconf 83' lang='lat' dir='ltr'>quotquot</span> <span class='ocrx_word' id='word_1_37' title='bbox 795 1407 939 1518; x_wconf 87' lang='lat' dir='ltr'>aliquid</span> <span class='ocrx_word' id='word_1_38' title='bbox 971 1409 1159 1519; x_wconf 88' lang='lat' dir='ltr'>prolicere</span> <span class='ocrx_word' id='word_1_39' title='bbox 1189 1408 1324 1510; x_wconf 89' lang='lat' dir='ltr'>uelint,</span> <span class='ocrx_word' id='word_1_40' title='bbox 1358 1408 1555 1494; x_wconf 90' lang='lat' dir='ltr'>communi</span> <span class='ocrx_word' id='word_1_41' title='bbox 1586 1435 1779 1494; x_wconf 88' lang='lat' dir='ltr'>consensu</span> <span class='ocrx_word' id='word_1_42' title='bbox 1808 1407 2111 1517; x_wconf 86' lang='lat' dir='ltr'>proficiscantur.</span> 
     </span>
     <span class='ocr_line' id='line_1_6' title="bbox 537 1550 2237 1662; baseline 0 -28"><span class='ocrx_word' id='word_1_43' title='bbox 537 1551 713 1636; x_wconf 80' lang='lat' dir='ltr'>Fuerunt</span> <span class='ocrx_word' id='word_1_44' title='bbox 744 1551 809 1660; x_wconf 91' lang='lat' dir='ltr'>qui</span> <span class='ocrx_word' id='word_1_45' title='bbox 839 1580 929 1635; x_wconf 92' lang='lat' dir='ltr'>cum</span> <span class='ocrx_word' id='word_1_46' title='bbox 959 1550 1213 1662; x_wconf 88' lang='lat' dir='ltr'>philosophos</span> <span class='ocrx_word' id='word_1_47' title='bbox 1245 1553 1426 1639; x_wconf 90' lang='lat' dir='ltr'>uiderant</span> <span class='ocrx_word' id='word_1_48' title='bbox 1463 1555 1513 1638; x_wconf 93' lang='lat' dir='ltr'>da</span> <span class='ocrx_word' id='word_1_49' title='bbox 1545 1554 1684 1638; x_wconf 88' lang='lat' dir='ltr'>eadem</span> <span class='ocrx_word' id='word_1_50' title='bbox 1713 1551 1894 1636; x_wconf 90' lang='lat' dir='ltr'>realium</span> <span class='ocrx_word' id='word_1_51' title='bbox 1924 1550 2034 1635; x_wconf 89' lang='lat' dir='ltr'>aliter</span> <span class='ocrx_word' id='word_1_52' title='bbox 2064 1575 2237 1649; x_wconf 87' lang='lat' dir='ltr'>causare,</span> 
     </span>
     <span class='ocr_line' id='line_1_7' title="bbox 437 1691 2238 1807; baseline 0.001 -32"><span class='ocrx_word' id='word_1_53' title='bbox 437 1691 726 1805; x_wconf 81' lang='lat' dir='ltr'>philosophiam</span> <span class='ocrx_word' id='word_1_54' title='bbox 745 1695 869 1805; x_wconf 89' lang='lat' dir='ltr'>ipsam</span> <span class='ocrx_word' id='word_1_55' title='bbox 889 1695 1090 1780; x_wconf 88' lang='lat' dir='ltr'>tollerent:</span> <span class='ocrx_word' id='word_1_56' title='bbox 1119 1696 1161 1779; x_wconf 91' lang='lat' dir='ltr'>in</span> <span class='ocrx_word' id='word_1_57' title='bbox 1180 1694 1388 1784; x_wconf 83' lang='lat' dir='ltr'>homericis</span> <span class='ocrx_word' id='word_1_58' title='bbox 1419 1695 1710 1807; x_wconf 88' lang='lat' dir='ltr'>quaestiouibus</span> <span class='ocrx_word' id='word_1_59' title='bbox 1740 1721 1880 1779; x_wconf 86' lang='lat' dir='ltr'>uereor</span> <span class='ocrx_word' id='word_1_60' title='bbox 1911 1723 1961 1778; x_wconf 92' lang='lat' dir='ltr'>ne</span> <span class='ocrx_word' id='word_1_61' title='bbox 1990 1693 2083 1802; x_wconf 93' lang='lat' dir='ltr'>quid</span> <span class='ocrx_word' id='word_1_62' title='bbox 2114 1692 2238 1779; x_wconf 88' lang='lat' dir='ltr'>simile</span> 
     </span>
     <span class='ocr_line' id='line_1_8' title="bbox 439 1823 2239 1960; baseline 0.001 -39"><span class='ocrx_word' id='word_1_63' title='bbox 439 1837 597 1923; x_wconf 89' lang='lat' dir='ltr'>accidat.</span> <span class='ocrx_word' id='word_1_64' title='bbox 629 1839 775 1924; x_wconf 84' lang='lat' dir='ltr'>Verum</span> <span class='ocrx_word' id='word_1_65' title='bbox 806 1849 939 1925; x_wconf 89' lang='lat' dir='ltr'>tamen</span> <span class='ocrx_word' id='word_1_66' title='bbox 969 1867 1055 1925; x_wconf 88' lang='lat' dir='ltr'>essa</span> <span class='ocrx_word' id='word_1_67' title='bbox 1086 1839 1211 1960; x_wconf 83' lang='lat' dir='ltr'>ineis</span> <span class='ocrx_word' id='word_1_68' title='bbox 1243 1841 1388 1949; x_wconf 88' lang='lat' dir='ltr'>aliquid</span> <span class='ocrx_word' id='word_1_69' title='bbox 1421 1823 1665 1953; x_wconf 85' lang='lat' dir='ltr'>exploratum</span> <span class='ocrx_word' id='word_1_70' title='bbox 1696 1839 1815 1946; x_wconf 90' lang='lat' dir='ltr'>idque</span> <span class='ocrx_word' id='word_1_71' title='bbox 1841 1866 1912 1949; x_wconf 92' lang='lat' dir='ltr'>pro</span> <span class='ocrx_word' id='word_1_72' title='bbox 1934 1839 1989 1924; x_wconf 92' lang='lat' dir='ltr'>rei</span> <span class='ocrx_word' id='word_1_73' title='bbox 2012 1838 2239 1923; x_wconf 79' lang='lat' dir='ltr'>difficultate</span> 
     </span>
     <span class='ocr_line' id='line_1_9' title="bbox 437 1981 2241 2094; baseline 0.001 -28"><span class='ocrx_word' id='word_1_74' title='bbox 437 1981 530 2066; x_wconf 89' lang='lat' dir='ltr'>satis</span> <span class='ocrx_word' id='word_1_75' title='bbox 561 2007 748 2088; x_wconf 85' lang='lat' dir='ltr'>maguum</span> <span class='ocrx_word' id='word_1_76' title='bbox 780 1982 813 2066; x_wconf 93' lang='lat' dir='ltr'>si</span> <span class='ocrx_word' id='word_1_77' title='bbox 842 1981 1007 2092; x_wconf 90' lang='lat' dir='ltr'>probare</span> <span class='ocrx_word' id='word_1_78' title='bbox 1037 1983 1192 2084; x_wconf 91' lang='lat' dir='ltr'>uellam,</span> <span class='ocrx_word' id='word_1_79' title='bbox 1224 2011 1270 2067; x_wconf 91' lang='lat' dir='ltr'>ea</span> <span class='ocrx_word' id='word_1_80' title='bbox 1299 1984 1384 2094; x_wconf 91' lang='lat' dir='ltr'>ipsa</span> <span class='ocrx_word' id='word_1_81' title='bbox 1413 2012 1512 2094; x_wconf 92' lang='lat' dir='ltr'>quae</span> <span class='ocrx_word' id='word_1_82' title='bbox 1544 1992 1649 2070; x_wconf 86' lang='lat' dir='ltr'>certa</span> <span class='ocrx_word' id='word_1_83' title='bbox 1678 1981 1775 2066; x_wconf 91' lang='lat' dir='ltr'>mihi</span> <span class='ocrx_word' id='word_1_84' title='bbox 1803 1981 1998 2082; x_wconf 88' lang='lat' dir='ltr'>uidentur,</span> <span class='ocrx_word' id='word_1_85' title='bbox 2029 1982 2241 2067; x_wconf 86' lang='lat' dir='ltr'>instaurata</span> 
     </span>
     <span class='ocr_line' id='line_1_10' title="bbox 439 2111 2239 2236; baseline 0.001 -28"><span class='ocrx_word' id='word_1_86' title='bbox 439 2111 674 2232; x_wconf 75' lang='lat' dir='ltr'>quaestions</span> <span class='ocrx_word' id='word_1_87' title='bbox 704 2125 891 2233; x_wconf 80' lang='lat' dir='ltr'>intellego</span> <span class='ocrx_word' id='word_1_88' title='bbox 936 2125 1029 2211; x_wconf 90' lang='lat' dir='ltr'>mihi</span> <span class='ocrx_word' id='word_1_89' title='bbox 1068 2129 1382 2214; x_wconf 86' lang='lat' dir='ltr'>¹demonstranda</span> <span class='ocrx_word' id='word_1_90' title='bbox 1425 2132 1521 2215; x_wconf 86' lang='lat' dir='ltr'>lora.</span> <span class='ocrx_word' id='word_1_91' title='bbox 1586 2129 1676 2236; x_wconf 76' lang='lat' dir='ltr'>Ego</span> <span class='ocrx_word' id='word_1_92' title='bbox 1710 2153 1805 2211; x_wconf 91' lang='lat' dir='ltr'>uero</span> <span class='ocrx_word' id='word_1_93' title='bbox 1836 2153 1964 2235; x_wconf 88' lang='lat' dir='ltr'>neque</span> <span class='ocrx_word' id='word_1_94' title='bbox 1999 2152 2082 2210; x_wconf 93' lang='lat' dir='ltr'>rem</span> <span class='ocrx_word' id='word_1_95' title='bbox 2113 2133 2239 2210; x_wconf 89' lang='lat' dir='ltr'>actam</span> 
     </span>
     <span class='ocr_line' id='line_1_11' title="bbox 437 2266 2238 2376; baseline 0.001 -25"><span class='ocrx_word' id='word_1_96' title='bbox 437 2266 579 2352; x_wconf 86' lang='lat' dir='ltr'>iterum</span> <span class='ocrx_word' id='word_1_97' title='bbox 610 2293 736 2374; x_wconf 82' lang='lat' dir='ltr'>agam,</span> <span class='ocrx_word' id='word_1_98' title='bbox 768 2295 895 2376; x_wconf 91' lang='lat' dir='ltr'>neque</span> <span class='ocrx_word' id='word_1_99' title='bbox 917 2267 948 2353; x_wconf 90' lang='lat' dir='ltr'>si</span> <span class='ocrx_word' id='word_1_100' title='bbox 969 2276 1125 2354; x_wconf 80' lang='lat' dir='ltr'>autumo</span> <span class='ocrx_word' id='word_1_101' title='bbox 1145 2296 1285 2372; x_wconf 88' lang='lat' dir='ltr'>essem,</span> <span class='ocrx_word' id='word_1_102' title='bbox 1317 2269 1383 2356; x_wconf 90' lang='lat' dir='ltr'>hic</span> <span class='ocrx_word' id='word_1_103' title='bbox 1402 2272 1511 2357; x_wconf 89' lang='lat' dir='ltr'>locus</span> <span class='ocrx_word' id='word_1_104' title='bbox 1532 2271 1816 2356; x_wconf 88' lang='lat' dir='ltr'>autsulficeret</span> <span class='ocrx_word' id='word_1_105' title='bbox 1835 2276 1900 2352; x_wconf 89' lang='lat' dir='ltr'>aut</span> <span class='ocrx_word' id='word_1_106' title='bbox 1920 2269 2086 2354; x_wconf 87' lang='lat' dir='ltr'>idoneus</span> <span class='ocrx_word' id='word_1_107' title='bbox 2123 2279 2238 2354; x_wconf 87' lang='lat' dir='ltr'>esset.</span> 
     </span>
     <span class='ocr_line' id='line_1_12' title="bbox 539 2411 2239 2521; baseline 0.002 -28"><span class='ocrx_word' id='word_1_108' title='bbox 539 2412 676 2518; x_wconf 91' lang='lat' dir='ltr'>ltaque</span> <span class='ocrx_word' id='word_1_109' title='bbox 709 2412 804 2494; x_wconf 91' lang='lat' dir='ltr'>duur</span> <span class='ocrx_word' id='word_1_110' title='bbox 835 2411 1072 2497; x_wconf 87' lang='lat' dir='ltr'>universitati</span> <span class='ocrx_word' id='word_1_111' title='bbox 1110 2422 1264 2500; x_wconf 88' lang='lat' dir='ltr'>uestrae</span> <span class='ocrx_word' id='word_1_112' title='bbox 1299 2443 1389 2500; x_wconf 91' lang='lat' dir='ltr'>cum</span> <span class='ocrx_word' id='word_1_113' title='bbox 1428 2414 1602 2499; x_wconf 91' lang='lat' dir='ltr'>omnium</span> <span class='ocrx_word' id='word_1_114' title='bbox 1640 2413 1874 2521; x_wconf 85' lang='lat' dir='ltr'>antiquitatis</span> <span class='ocrx_word' id='word_1_115' title='bbox 1905 2411 2124 2498; x_wconf 89' lang='lat' dir='ltr'>studiorum</span> <span class='ocrx_word' id='word_1_116' title='bbox 2155 2422 2239 2496; x_wconf 94' lang='lat' dir='ltr'>tum</span> 
     </span>
     <span class='ocr_line' id='line_1_13' title="bbox 439 2555 2238 2666; baseline 0.003 -28"><span class='ocrx_word' id='word_1_117' title='bbox 439 2582 669 2662; x_wconf 76' lang='lat' dir='ltr'>graecarum</span> <span class='ocrx_word' id='word_1_118' title='bbox 705 2555 919 2640; x_wconf 87' lang='lat' dir='ltr'>litterarum</span> <span class='ocrx_word' id='word_1_119' title='bbox 950 2559 1045 2646; x_wconf 85' lang='lat' dir='ltr'>sedi</span> <span class='ocrx_word' id='word_1_120' title='bbox 1074 2558 1363 2645; x_wconf 88' lang='lat' dir='ltr'>uetustissimae</span> <span class='ocrx_word' id='word_1_121' title='bbox 1394 2559 1509 2646; x_wconf 90' lang='lat' dir='ltr'>simul</span> <span class='ocrx_word' id='word_1_122' title='bbox 1547 2568 1586 2643; x_wconf 88' lang='lat' dir='ltr'>at</span> <span class='ocrx_word' id='word_1_123' title='bbox 1615 2557 1908 2644; x_wconf 89' lang='lat' dir='ltr'>florentissimae</span> <span class='ocrx_word' id='word_1_124' title='bbox 1941 2567 2122 2666; x_wconf 87' lang='lat' dir='ltr'>quartum</span> <span class='ocrx_word' id='word_1_125' title='bbox 2153 2585 2238 2644; x_wconf 90' lang='lat' dir='ltr'>saa-</span> 
     </span>
     <span class='ocr_line' id='line_1_14' title="bbox 440 2695 2239 2812; baseline 0.002 -31"><span class='ocrx_word' id='word_1_126' title='bbox 440 2695 571 2781; x_wconf 89' lang='lat' dir='ltr'>culum</span> <span class='ocrx_word' id='word_1_127' title='bbox 602 2697 736 2783; x_wconf 83' lang='lat' dir='ltr'>faustis</span> <span class='ocrx_word' id='word_1_128' title='bbox 766 2697 960 2783; x_wconf 88' lang='lat' dir='ltr'>ominibus</span> <span class='ocrx_word' id='word_1_129' title='bbox 995 2699 1207 2809; x_wconf 88' lang='lat' dir='ltr'>auspicanti</span> <span class='ocrx_word' id='word_1_130' title='bbox 1245 2701 1308 2811; x_wconf 91' lang='lat' dir='ltr'>pio</span> <span class='ocrx_word' id='word_1_131' title='bbox 1339 2703 1519 2812; x_wconf 88' lang='lat' dir='ltr'>laetoque</span> <span class='ocrx_word' id='word_1_132' title='bbox 1551 2701 1680 2786; x_wconf 90' lang='lat' dir='ltr'>animo</span> <span class='ocrx_word' id='word_1_133' title='bbox 1714 2701 1974 2807; x_wconf 80' lang='lat' dir='ltr'>congratulor,</span> <span class='ocrx_word' id='word_1_134' title='bbox 2027 2699 2137 2808; x_wconf 87' lang='lat' dir='ltr'>quasi</span> <span class='ocrx_word' id='word_1_135' title='bbox 2169 2727 2239 2784; x_wconf 93' lang='lat' dir='ltr'>no-</span> 
     </span>
     <span class='ocr_line' id='line_1_15' title="bbox 439 2842 2237 2959; baseline 0.001 -32"><span class='ocrx_word' id='word_1_136' title='bbox 439 2851 605 2927; x_wconf 88' lang='lat' dir='ltr'>strarum</span> <span class='ocrx_word' id='word_1_137' title='bbox 637 2842 922 2927; x_wconf 89' lang='lat' dir='ltr'>uindemiarum</span> <span class='ocrx_word' id='word_1_138' title='bbox 953 2843 1110 2952; x_wconf 88' lang='lat' dir='ltr'>aliquod</span> <span class='ocrx_word' id='word_1_139' title='bbox 1141 2845 1333 2956; x_wconf 89' lang='lat' dir='ltr'>pocillum·</span> <span class='ocrx_word' id='word_1_140' title='bbox 1354 2847 1641 2959; x_wconf 84' lang='lat' dir='ltr'>propinaturus,</span> <span class='ocrx_word' id='word_1_141' title='bbox 1673 2846 1742 2931; x_wconf 93' lang='lat' dir='ltr'>atsi</span> <span class='ocrx_word' id='word_1_142' title='bbox 1775 2845 1829 2928; x_wconf 92' lang='lat' dir='ltr'>nil</span> <span class='ocrx_word' id='word_1_143' title='bbox 1861 2871 1937 2952; x_wconf 87' lang='lat' dir='ltr'>ago</span> <span class='ocrx_word' id='word_1_144' title='bbox 1973 2870 2153 2955; x_wconf 89' lang='lat' dir='ltr'>promere</span> <span class='ocrx_word' id='word_1_145' title='bbox 2188 2847 2237 2928; x_wconf 92' lang='lat' dir='ltr'>dc</span> 
     </span>
     <span class='ocr_line' id='line_1_16' title="bbox 438 2985 2238 3098; baseline 0.002 -29"><span class='ocrx_word' id='word_1_146' title='bbox 438 2985 538 3070; x_wconf 91' lang='lat' dir='ltr'>calla</span> <span class='ocrx_word' id='word_1_147' title='bbox 573 3013 661 3070; x_wconf 91' lang='lat' dir='ltr'>mea</span> <span class='ocrx_word' id='word_1_148' title='bbox 691 3013 862 3097; x_wconf 91' lang='lat' dir='ltr'>possum,</span> <span class='ocrx_word' id='word_1_149' title='bbox 897 2989 1002 3095; x_wconf 91' lang='lat' dir='ltr'>quod</span> <span class='ocrx_word' id='word_1_150' title='bbox 1031 3015 1126 3072; x_wconf 91' lang='lat' dir='ltr'>uere</span> <span class='ocrx_word' id='word_1_151' title='bbox 1164 2989 1328 3096; x_wconf 81' lang='lat' dir='ltr'>dignum</span> <span class='ocrx_word' id='word_1_152' title='bbox 1365 2991 1414 3076; x_wconf 88' lang='lat' dir='ltr'>sit</span> <span class='ocrx_word' id='word_1_153' title='bbox 1445 2988 1520 3075; x_wconf 93' lang='lat' dir='ltr'>hoc</span> <span class='ocrx_word' id='word_1_154' title='bbox 1550 2990 1771 3075; x_wconf 86' lang='lat' dir='ltr'>felicissimo</span> <span class='ocrx_word' id='word_1_155' title='bbox 1805 2989 1868 3072; x_wconf 90' lang='lat' dir='ltr'>die</span> <span class='ocrx_word' id='word_1_156' title='bbox 1900 3017 2131 3098; x_wconf 88' lang='lat' dir='ltr'>summaque</span> <span class='ocrx_word' id='word_1_157' title='bbox 2165 2987 2238 3073; x_wconf 89' lang='lat' dir='ltr'>hac</span> 
     </span>
     <span class='ocr_line' id='line_1_17' title="bbox 439 3129 2239 3246; baseline 0.002 -32"><span class='ocrx_word' id='word_1_158' title='bbox 439 3129 711 3232; x_wconf 87' lang='lat' dir='ltr'>sollemnitate,</span> <span class='ocrx_word' id='word_1_159' title='bbox 741 3141 911 3217; x_wconf 84' lang='lat' dir='ltr'>attamen</span> <span class='ocrx_word' id='word_1_160' title='bbox 943 3140 1075 3216; x_wconf 87' lang='lat' dir='ltr'>uatem</span> <span class='ocrx_word' id='word_1_161' title='bbox 1112 3133 1435 3241; x_wconf 82' lang='lat' dir='ltr'>antiquissimum,</span> <span class='ocrx_word' id='word_1_162' title='bbox 1468 3135 1600 3246; x_wconf 88' lang='lat' dir='ltr'>opicae</span> <span class='ocrx_word' id='word_1_163' title='bbox 1637 3134 1766 3244; x_wconf 88' lang='lat' dir='ltr'>poesis</span> <span class='ocrx_word' id='word_1_164' title='bbox 1797 3143 2009 3234; x_wconf 87' lang='lat' dir='ltr'>auctorem,</span> <span class='ocrx_word' id='word_1_165' title='bbox 2042 3134 2074 3220; x_wconf 90' lang='lat' dir='ltr'>si</span> <span class='ocrx_word' id='word_1_166' title='bbox 2105 3133 2239 3219; x_wconf 79' lang='grc'><strong>111111</strong></span> 
     </span>
     <span class='ocr_line' id='line_1_18' title="bbox 439 3274 2239 3386; baseline 0.003 -29"><span class='ocrx_word' id='word_1_167' title='bbox 439 3274 630 3383; x_wconf 87' lang='lat' dir='ltr'>liceatque</span> <span class='ocrx_word' id='word_1_168' title='bbox 668 3305 715 3360; x_wconf 87' lang='lat' dir='ltr'>ex</span> <span class='ocrx_word' id='word_1_169' title='bbox 753 3275 925 3362; x_wconf 87' lang='lat' dir='ltr'>tenebris</span> <span class='ocrx_word' id='word_1_170' title='bbox 946 3328 949 3337; x_wconf 86' lang='lat'>·</span> <span class='ocrx_word' id='word_1_171' title='bbox 968 3276 1147 3378; x_wconf 84' lang='lat' dir='ltr'>excitare,</span> <span class='ocrx_word' id='word_1_172' title='bbox 1193 3305 1271 3362; x_wconf 93' lang='lat' dir='ltr'>non</span> <span class='ocrx_word' id='word_1_173' title='bbox 1309 3278 1517 3386; x_wconf 78' lang='lat' dir='ltr'>iudignum</span> <span class='ocrx_word' id='word_1_174' title='bbox 1554 3277 1730 3378; x_wconf 86' lang='lat' dir='ltr'>arbitror,</span> <span class='ocrx_word' id='word_1_175' title='bbox 1778 3277 1844 3386; x_wconf 91' lang='lat' dir='ltr'>qui</span> <span class='ocrx_word' id='word_1_176' title='bbox 1882 3287 2016 3364; x_wconf 85' lang='lat' dir='ltr'>uestro</span> <span class='ocrx_word' id='word_1_177' title='bbox 2055 3278 2239 3386; x_wconf 60' lang='lat' dir='ltr'>manissi-</span> 
     </span>
     <span class='ocr_line' id='line_1_19' title="bbox 348 3420 2239 3532; baseline 0.002 -30"><span class='ocrx_word' id='word_1_178' title='bbox 348 3439 351 3452; x_wconf 83' lang='lat'>‘</span> <span class='ocrx_word' id='word_1_179' title='bbox 442 3447 596 3504; x_wconf 90' lang='lat' dir='ltr'>momm</span> <span class='ocrx_word' id='word_1_180' title='bbox 617 3421 789 3506; x_wconf 91' lang='lat' dir='ltr'>uirorum</span> <span class='ocrx_word' id='word_1_181' title='bbox 810 3421 937 3506; x_wconf 87' lang='lat' dir='ltr'>coetui</span> <span class='ocrx_word' id='word_1_182' title='bbox 965 3422 1108 3508; x_wconf 87' lang='lat' dir='ltr'>festum</span> <span class='ocrx_word' id='word_1_183' title='bbox 1138 3424 1386 3532; x_wconf 82' lang='lat' dir='ltr'>faustumque</span> <span class='ocrx_word' id='word_1_184' title='bbox 1418 3423 1523 3507; x_wconf 89' lang='lat' dir='ltr'>diam</span> <span class='ocrx_word' id='word_1_185' title='bbox 1549 3420 1680 3529; x_wconf 79' lang='lat' dir='ltr'>agenti</span> <span class='ocrx_word' id='word_1_186' title='bbox 1710 3421 1860 3506; x_wconf 87' lang='lat' dir='ltr'>intersit</span> <span class='ocrx_word' id='word_1_187' title='bbox 1887 3421 2033 3531; x_wconf 89' lang='lat' dir='ltr'>optima</span> <span class='ocrx_word' id='word_1_188' title='bbox 2062 3448 2239 3531; x_wconf 87' lang='lat' dir='ltr'>quaeque</span> 
     </span>
     <span class='ocr_line' id='line_1_20' title="bbox 442 3564 2239 3677; baseline 0.002 -31"><span class='ocrx_word' id='word_1_189' title='bbox 442 3574 715 3670; x_wconf 82' lang='lat' dir='ltr'>auguratruus.</span> <span class='ocrx_word' id='word_1_190' title='bbox 747 3594 796 3650; x_wconf 90' lang='lat' dir='ltr'>an</span> <span class='ocrx_word' id='word_1_191' title='bbox 832 3567 937 3674; x_wconf 90' lang='lat' dir='ltr'>quod</span> <span class='ocrx_word' id='word_1_192' title='bbox 967 3565 1118 3651; x_wconf 84' lang='lat' dir='ltr'>annius</span> <span class='ocrx_word' id='word_1_193' title='bbox 1151 3595 1238 3651; x_wconf 86' lang='lat' dir='ltr'>sese</span> <span class='ocrx_word' id='word_1_194' title='bbox 1266 3564 1478 3677; x_wconf 90' lang='lat' dir='ltr'>perhibuit,</span> <span class='ocrx_word' id='word_1_195' title='bbox 1515 3567 1732 3651; x_wconf 88' lang='lat' dir='ltr'>Homerum</span> <span class='ocrx_word' id='word_1_196' title='bbox 1760 3567 1993 3674; x_wconf 82' lang='lat' dir='ltr'>negabimus</span> <span class='ocrx_word' id='word_1_197' title='bbox 2024 3569 2239 3659; x_wconf 67' lang='lat' dir='ltr'>cruralibus</span> 
     </span>
     <span class='ocr_line' id='line_1_21' title="bbox 441 3709 2239 3826; baseline 0.002 -36"><span class='ocrx_word' id='word_1_198' title='bbox 441 3741 572 3794; x_wconf 69' lang='lat' dir='ltr'>saerata</span> <span class='ocrx_word' id='word_1_199' title='bbox 595 3717 801 3823; x_wconf 80' lang='lat' dir='ltr'>propinare</span> <span class='ocrx_word' id='word_1_200' title='bbox 822 3715 1019 3822; x_wconf 79' lang='lat' dir='ltr'>flurrrrueoa</span> <span class='ocrx_word' id='word_1_201' title='bbox 1039 3709 1283 3796; x_wconf 73' lang='lat' dir='ltr'>&#39;ruedrrlh&#39;bral</span> <span class='ocrx_word' id='word_1_202' title='bbox 1344 3710 1494 3826; x_wconf 75' lang='lat' dir='ltr'>Placuit</span> <span class='ocrx_word' id='word_1_203' title='bbox 1524 3710 1642 3817; x_wconf 85' lang='lat' dir='ltr'>igitur·</span> <span class='ocrx_word' id='word_1_204' title='bbox 1670 3711 1710 3794; x_wconf 87' lang='lat' dir='ltr'>in</span> <span class='ocrx_word' id='word_1_205' title='bbox 1740 3738 1819 3794; x_wconf 87' lang='grc'><strong>11110</strong></span> <span class='ocrx_word' id='word_1_206' title='bbox 1851 3710 1990 3796; x_wconf 83' lang='lat' dir='ltr'>saltam</span> <span class='ocrx_word' id='word_1_207' title='bbox 2020 3710 2106 3794; x_wconf 81' lang='grc'><strong>1010</strong></span> <span class='ocrx_word' id='word_1_208' title='bbox 2136 3711 2239 3821; x_wconf 89' lang='lat' dir='ltr'>perl-</span> 
     </span>
     <span class='ocr_line' id='line_1_22' title="bbox 442 3853 2310 3976; baseline 0.001 -39"><span class='ocrx_word' id='word_1_209' title='bbox 442 3853 575 3954; x_wconf 87' lang='lat' dir='ltr'>clitari,</span> <span class='ocrx_word' id='word_1_210' title='bbox 623 3854 787 3938; x_wconf 88' lang='lat' dir='ltr'>liceatne</span> <span class='ocrx_word' id='word_1_211' title='bbox 828 3855 878 3938; x_wconf 91' lang='lat' dir='ltr'>ad</span> <span class='ocrx_word' id='word_1_212' title='bbox 923 3853 1131 3964; x_wconf 88' lang='lat' dir='ltr'>pristinum</span> <span class='ocrx_word' id='word_1_213' title='bbox 1173 3881 1354 3939; x_wconf 90' lang='lat' dir='ltr'>canorem</span> <span class='ocrx_word' id='word_1_214' title='bbox 1398 3881 1537 3939; x_wconf 87' lang='lat' dir='ltr'>uocem</span> <span class='ocrx_word' id='word_1_215' title='bbox 1579 3864 1716 3965; x_wconf 90' lang='lat' dir='ltr'>poetae</span> <span class='ocrx_word' id='word_1_216' title='bbox 1754 3857 1999 3940; x_wconf 88' lang='lat' dir='ltr'>obscuratam</span> <span class='ocrx_word' id='word_1_217' title='bbox 2038 3869 2078 3938; x_wconf 92' lang='lat' dir='ltr'>et</span> <span class='ocrx_word' id='word_1_218' title='bbox 2115 3882 2239 3965; x_wconf 88' lang='lat' dir='ltr'>paene</span> <span class='ocrx_word' id='word_1_219' title='bbox 2305 3965 2310 3976; x_wconf 90' lang='lat'>.</span> 
     </span>
     <span class='ocr_line' id='line_1_23' title="bbox 343 3997 2239 4108; baseline -0.001 -26"><span class='ocrx_word' id='word_1_220' title='bbox 343 4057 346 4062; x_wconf 82' lang='lat'>·</span> <span class='ocrx_word' id='word_1_221' title='bbox 441 3999 739 4082; x_wconf 69' lang='lat' dir='ltr'>intermortuam</span> <span class='ocrx_word' id='word_1_222' title='bbox 777 3998 1089 4108; x_wconf 77' lang='lat' dir='ltr'>expergefacere.</span> <span class='ocrx_word' id='word_1_223' title='bbox 1153 3998 1301 4101; x_wconf 79' lang='lat' dir='ltr'>Quodsi</span> <span class='ocrx_word' id='word_1_224' title='bbox 1339 3997 1545 4105; x_wconf 77' lang='lat' dir='ltr'>contigerit</span> <span class='ocrx_word' id='word_1_225' title='bbox 1589 4009 1632 4082; x_wconf 93' lang='lat' dir='ltr'>ut</span> <span class='ocrx_word' id='word_1_226' title='bbox 1671 3997 1764 4083; x_wconf 92' lang='lat' dir='ltr'>uiris</span> <span class='ocrx_word' id='word_1_227' title='bbox 1812 3998 1974 4084; x_wconf 88' lang='lat' dir='ltr'>summis</span> <span class='ocrx_word' id='word_1_228' title='bbox 2007 3998 2072 4106; x_wconf 92' lang='lat' dir='ltr'>qui</span> <span class='ocrx_word' id='word_1_229' title='bbox 2103 3998 2144 4080; x_wconf 91' lang='lat' dir='ltr'>iu</span> <span class='ocrx_word' id='word_1_230' title='bbox 2175 4024 2239 4082; x_wconf 89' lang='lat' dir='ltr'>ce-</span> 
     </span>
     <span class='ocr_line' id='line_1_24' title="bbox 441 4139 2237 4252; baseline -0.001 -27"><span class='ocrx_word' id='word_1_231' title='bbox 441 4141 648 4227; x_wconf 87' lang='lat' dir='ltr'>leberrima</span> <span class='ocrx_word' id='word_1_232' title='bbox 678 4151 807 4226; x_wconf 89' lang='lat' dir='ltr'>uestra</span> <span class='ocrx_word' id='word_1_233' title='bbox 836 4141 1088 4227; x_wconf 84' lang='lat' dir='ltr'>rmiuersitate</span> <span class='ocrx_word' id='word_1_234' title='bbox 1119 4139 1189 4228; x_wconf 88' lang='lat' dir='ltr'>has</span> <span class='ocrx_word' id='word_1_235' title='bbox 1219 4142 1364 4228; x_wconf 87' lang='lat' dir='ltr'>litteras</span> <span class='ocrx_word' id='word_1_236' title='bbox 1384 4144 1627 4252; x_wconf 89' lang='lat' dir='ltr'>profitentur,</span> <span class='ocrx_word' id='word_1_237' title='bbox 1658 4142 1891 4227; x_wconf 90' lang='lat' dir='ltr'>seutentiam</span> <span class='ocrx_word' id='word_1_238' title='bbox 1912 4169 2041 4226; x_wconf 92' lang='lat' dir='ltr'>meam</span> <span class='ocrx_word' id='word_1_239' title='bbox 2060 4144 2237 4252; x_wconf 90' lang='lat' dir='ltr'>probam,</span> 
     </span>
     <span class='ocr_line' id='line_1_25' title="bbox 443 4283 2240 4397; baseline -0.001 -28"><span class='ocrx_word' id='word_1_240' title='bbox 443 4287 657 4397; x_wconf 92' lang='lat' dir='ltr'>praemium</span> <span class='ocrx_word' id='word_1_241' title='bbox 691 4286 824 4372; x_wconf 88' lang='lat' dir='ltr'>tulisse</span> <span class='ocrx_word' id='word_1_242' title='bbox 856 4283 951 4370; x_wconf 88' lang='lat' dir='ltr'>nrihi</span> <span class='ocrx_word' id='word_1_243' title='bbox 981 4285 1146 4370; x_wconf 90' lang='lat' dir='ltr'>uidebor</span> <span class='ocrx_word' id='word_1_244' title='bbox 1176 4285 1472 4396; x_wconf 90' lang='lat' dir='ltr'>amplissimum.</span> <span class='ocrx_word' id='word_1_245' title='bbox 1505 4287 1649 4370; x_wconf 88' lang='lat' dir='ltr'>etenim</span> <span class='ocrx_word' id='word_1_246' title='bbox 1678 4283 1827 4371; x_wconf 86' lang='lat' dir='ltr'>iudices</span> <span class='ocrx_word' id='word_1_247' title='bbox 1857 4283 2141 4393; x_wconf 79' lang='lat' dir='ltr'>integerrimos,</span> <span class='ocrx_word' id='word_1_248' title='bbox 2174 4285 2240 4394; x_wconf 95' lang='lat' dir='ltr'>qui</span> 
     </span>
     <span class='ocr_line' id='line_1_26' title="bbox 443 4429 2242 4540; baseline 0 -27"><span class='ocrx_word' id='word_1_249' title='bbox 443 4431 552 4515; x_wconf 88' lang='lat' dir='ltr'>tenui</span> <span class='ocrx_word' id='word_1_250' title='bbox 587 4430 679 4516; x_wconf 90' lang='lat' dir='ltr'>huic</span> <span class='ocrx_word' id='word_1_251' title='bbox 709 4431 1123 4516; x_wconf 88' lang='lat' dir='ltr'>commentatiunculae</span> <span class='ocrx_word' id='word_1_252' title='bbox 1155 4430 1283 4516; x_wconf 86' lang='lat' dir='ltr'>inesse</span> <span class='ocrx_word' id='word_1_253' title='bbox 1315 4429 1463 4540; x_wconf 87' lang='lat' dir='ltr'>aliquid</span> <span class='ocrx_word' id='word_1_254' title='bbox 1492 4429 1575 4513; x_wconf 91' lang='lat' dir='ltr'>uari</span> <span class='ocrx_word' id='word_1_255' title='bbox 1608 4429 1882 4529; x_wconf 88' lang='lat' dir='ltr'>concesserint,</span> <span class='ocrx_word' id='word_1_256' title='bbox 1914 4430 2076 4514; x_wconf 89' lang='lat' dir='ltr'>eosdem</span> <span class='ocrx_word' id='word_1_257' title='bbox 2108 4455 2242 4540; x_wconf 84' lang='lat' dir='ltr'>speres</span> 
     </span>
     <span class='ocr_line' id='line_1_27' title="bbox 444 4571 2241 4682; baseline 0.001 -26"><span class='ocrx_word' id='word_1_258' title='bbox 444 4575 562 4657; x_wconf 90' lang='lat' dir='ltr'>etiam</span> <span class='ocrx_word' id='word_1_259' title='bbox 592 4574 718 4682; x_wconf 82' lang='lat' dir='ltr'>magis</span> <span class='ocrx_word' id='word_1_260' title='bbox 752 4575 826 4660; x_wconf 87' lang='lat' dir='ltr'>illis</span> <span class='ocrx_word' id='word_1_261' title='bbox 863 4601 976 4660; x_wconf 90' lang='lat' dir='ltr'>aures</span> <span class='ocrx_word' id='word_1_262' title='bbox 1007 4575 1219 4661; x_wconf 90' lang='lat' dir='ltr'>beneuolas</span> <span class='ocrx_word' id='word_1_263' title='bbox 1251 4603 1336 4660; x_wconf 87' lang='lat' dir='ltr'>esse</span> <span class='ocrx_word' id='word_1_264' title='bbox 1370 4571 1624 4658; x_wconf 88' lang='lat' dir='ltr'>adhibituros.</span> <span class='ocrx_word' id='word_1_265' title='bbox 1675 4573 1741 4680; x_wconf 91' lang='lat' dir='ltr'>qui</span> <span class='ocrx_word' id='word_1_266' title='bbox 1772 4574 1946 4658; x_wconf 88' lang='lat' dir='ltr'>Homero</span> <span class='ocrx_word' id='word_1_267' title='bbox 1976 4573 2241 4681; x_wconf 81' lang='lat' dir='ltr'>intellegendo</span> 
     </span>
     <span class='ocr_line' id='line_1_28' title="bbox 444 4718 2241 4829; baseline -0.001 -27"><span class='ocrx_word' id='word_1_268' title='bbox 444 4745 604 4829; x_wconf 89' lang='lat' dir='ltr'>operam</span> <span class='ocrx_word' id='word_1_269' title='bbox 639 4719 916 4829; x_wconf 88' lang='lat' dir='ltr'>impenderunt</span> <span class='ocrx_word' id='word_1_270' title='bbox 946 4747 1024 4804; x_wconf 92' lang='lat' dir='ltr'>non</span> <span class='ocrx_word' id='word_1_271' title='bbox 1061 4719 1307 4804; x_wconf 89' lang='lat' dir='ltr'>subseciuum</span> <span class='ocrx_word' id='word_1_272' title='bbox 1342 4728 1386 4803; x_wconf 90' lang='lat' dir='ltr'>ut</span> <span class='ocrx_word' id='word_1_273' title='bbox 1423 4745 1510 4826; x_wconf 83' lang='lat' dir='ltr'>ego,</span> <span class='ocrx_word' id='word_1_274' title='bbox 1556 4719 1627 4802; x_wconf 91' lang='lat' dir='ltr'>sed</span> <span class='ocrx_word' id='word_1_275' title='bbox 1665 4718 1888 4803; x_wconf 89' lang='lat' dir='ltr'>continuam</span> <span class='ocrx_word' id='word_1_276' title='bbox 1919 4727 1958 4802; x_wconf 90' lang='lat' dir='ltr'>at</span> <span class='ocrx_word' id='word_1_277' title='bbox 1994 4718 2241 4803; x_wconf 83' lang='lat' dir='ltr'>indefessam.</span> 
     </span>
    </p>
   </div>
   <div class='ocr_carea' id='block_1_3' title="bbox 445 5299 2244 5555">
    <p class='ocr_par' dir='ltr' id='par_1_3' title="bbox 445 5299 2244 5555">
     <span class='ocr_line' id='line_1_29' title="bbox 545 5299 2242 5412; baseline -0.001 -28"><span class='ocrx_word' id='word_1_278' title='bbox 545 5301 822 5412; x_wconf 86' lang='lat' dir='ltr'>Disputaturus</span> <span class='ocrx_word' id='word_1_279' title='bbox 843 5330 930 5386; x_wconf 89' lang='lat' dir='ltr'>sum</span> <span class='ocrx_word' id='word_1_280' title='bbox 953 5304 1002 5386; x_wconf 92' lang='lat' dir='ltr'>de</span> <span class='ocrx_word' id='word_1_281' title='bbox 1024 5302 1155 5387; x_wconf 88' lang='lat' dir='ltr'>lliudis</span> <span class='ocrx_word' id='word_1_282' title='bbox 1183 5303 1282 5387; x_wconf 88' lang='lat' dir='ltr'>libro</span> <span class='ocrx_word' id='word_1_283' title='bbox 1302 5299 1524 5385; x_wconf 89' lang='lat' dir='ltr'>undecimo.</span> <span class='ocrx_word' id='word_1_284' title='bbox 1547 5311 1585 5385; x_wconf 92' lang='lat' dir='ltr'>et</span> <span class='ocrx_word' id='word_1_285' title='bbox 1606 5299 1860 5410; x_wconf 85' lang='lat' dir='ltr'>posteriorem</span> <span class='ocrx_word' id='word_1_286' title='bbox 1891 5299 2049 5408; x_wconf 89' lang='lat' dir='ltr'>quidam</span> <span class='ocrx_word' id='word_1_287' title='bbox 2080 5311 2242 5411; x_wconf 79' lang='lat' dir='ltr'>partem,</span> 
     </span>
     <span class='ocr_line' id='line_1_30' title="bbox 445 5444 2244 5555; baseline -0.001 -26"><span class='ocrx_word' id='word_1_288' title='bbox 445 5473 544 5555; x_wconf 90' lang='lat' dir='ltr'>quae</span> <span class='ocrx_word' id='word_1_289' title='bbox 581 5445 725 5554; x_wconf 79' lang='lat' dir='ltr'>legitur·</span> <span class='ocrx_word' id='word_1_290' title='bbox 755 5447 835 5530; x_wconf 86' lang='lat' dir='ltr'>sere</span> <span class='ocrx_word' id='word_1_291' title='bbox 868 5445 960 5529; x_wconf 90' lang='lat' dir='ltr'>iuda</span> <span class='ocrx_word' id='word_1_292' title='bbox 992 5475 1014 5530; x_wconf 92' lang='lat' dir='ltr'>a</span> <span class='ocrx_word' id='word_1_293' title='bbox 1043 5475 1081 5530; x_wconf 92' lang='lat' dir='ltr'>u.</span> <span class='ocrx_word' id='word_1_294' title='bbox 1118 5444 1216 5546; x_wconf 72' lang='lat' dir='ltr'>aaa,</span> <span class='ocrx_word' id='word_1_295' title='bbox 1247 5473 1328 5530; x_wconf 92' lang='lat' dir='ltr'>uon</span> <span class='ocrx_word' id='word_1_296' title='bbox 1360 5473 1464 5530; x_wconf 89' lang='lat' dir='ltr'>curo.</span> <span class='ocrx_word' id='word_1_297' title='bbox 1506 5473 1621 5554; x_wconf 90' lang='lat' dir='ltr'>quam</span> <span class='ocrx_word' id='word_1_298' title='bbox 1655 5445 1702 5529; x_wconf 87' lang='lat' dir='ltr'>ab</span> <span class='ocrx_word' id='word_1_299' title='bbox 1733 5444 2009 5555; x_wconf 89' lang='lat' dir='ltr'>interpolatore</span> <span class='ocrx_word' id='word_1_300' title='bbox 2041 5445 2244 5530; x_wconf 87' lang='lat' dir='ltr'>conflatam</span> 
     </span>
    </p>
   </div>
   <div class='ocr_carea' id='block_1_4' title="bbox 0 0 2575 6388">
    <p class='ocr_par' dir='ltr' id='par_1_4' title="bbox 0 0 2575 6388">
     <span class='ocr_line' id='line_1_31' title="bbox 0 0 2575 6388; baseline 0 0"><span class='ocrx_word' id='word_1_301' title='bbox 0 0 2575 6388; x_wconf 95' lang='lat' dir='ltr'> </span> 
     </span>
    </p>
   </div>
  </div>
 </body>
</html>
