5124 6398
1328 755 1384 840 26

451 998 666 1085 insularum
693 997 846 1104 graecis
876 993 1000 1084 leonis
1031 1006 1160 1084 notae.
1220 998 1259 1082 in
1280 996 1355 1084 hac
1375 1024 1471 1083 uero
1490 998 1612 1084 leonis
1634 998 1848 1110 capitisque
1875 999 2020 1086 leonini
2041 1000 2259 1110 frequentia

453 1172 547 1229 casu
589 1146 737 1227 sactum
778 1170 866 1228 esse
906 1139 981 1226 hoc
1011 1141 1165 1250 nequit,
1206 1143 1313 1250 quod
1346 1168 1578 1253 oppressum
1608 1173 1633 1228 a
1663 1141 1776 1229 leone
1814 1146 1958 1232 bouem
1991 1144 2132 1230 Graeci
2162 1144 2259 1232 nulli

452 1289 527 1374 nisi
558 1285 761 1387 Acanthii‚
805 1314 967 1371 ceruum
1001 1285 1073 1371 soli
1104 1284 1305 1372 Velienses
1346 1287 1518 1371 nummis
1558 1286 1762 1394 signandis
1807 1287 2024 1376 adhibuere
2038 1285 2066 1374 ¹.
2127 1289 2259 1398 itaque

451 1433 510 1519 sic
540 1441 756 1518 statuemus
795 1431 919 1516 leonis
962 1457 1051 1514 eum
1094 1458 1211 1516 cerno
1257 1429 1500 1541 symplegma
1540 1429 1858 1518 Phocaeensibus
1898 1432 1938 1516 in
1976 1435 2095 1520 rebus
2138 1435 2256 1521 saeris

451 1577 642 1664 sollemne
679 1575 771 1660 olim
809 1574 851 1658 in
892 1584 1049 1661 moneta
1085 1574 1245 1659 indicari
1284 1581 1438 1660 tautum
1468 1575 1626 1660 solitum
1665 1587 1843 1687 protcme
1886 1573 2010 1664 leonis
2047 1579 2257 1690 proposita,

438 1731 588 1833 ,postea
620 1722 780 1805 demum
822 1749 845 1802 a
884 1719 1030 1804 colonis
1062 1717 1308 1805 Veliensibus
1358 1729 1439 1808 arte
1473 1721 1682 1810 maturiore
1720 1731 1760 1808 et
1800 1724 1852 1806 ad
1891 1723 2037 1808 maiora
2076 1725 2260 1810 audenda

453 1873 639 1976 prouecta
664 1865 705 1948 in
734 1864 903 1948 nummis
935 1891 1165 1973 expressum
1196 1891 1296 1948 ease.

554 2009 815 2092 Nummorum
854 2034 929 2116 ope
961 2033 1008 2092 eo
1038 2006 1301 2116 peruenimus‚
1347 2015 1392 2090 ni
1427 2006 1587 2116 imagini
1619 2010 1725 2094 cerui
1755 2041 1778 2098 a
1812 2010 1925 2096 leone
1956 2011 2088 2097 laniati
2120 2013 2258 2098 sedem

453 2152 652 2264 propriam
687 2153 791 2262 apud
829 2149 1049 2236 Phoenices
1081 2147 1227 2234 Citium
1271 2150 1311 2236 in
1347 2150 1474 2238 insula
1502 2151 1648 2263 Cypro,
1697 2156 1802 2264 apud
1834 2155 2008 2240 Graecos
2036 2155 2259 2242 Phocaeam

453 2298 575 2384 fuisse
614 2297 830 2381 uideamus.
903 2293 977 2380 Est
1013 2294 1131 2379 etiam
1168 2294 1273 2380 aliud
1321 2297 1427 2402 quod
1469 2295 1678 2382 lucremur.
1738 2307 1781 2384 ut
1820 2299 1925 2383 enim
1965 2300 2167 2387 Velienses
2205 2301 2259 2386 illi

452 2441 616 2549 imagini
647 2449 762 2552 caput
783 2466 1001 2551 opposuere
1022 2440 1234 2540 Mineruae,
1266 2439 1322 2526 sic
1352 2440 1477 2548 reguli
1508 2440 1739 2528 Citiensium
1763 2443 1987 2530 Herculem.
2049 2455 2259 2554 utrumque

454 2613 602 2671 numen
633 2594 785 2670 constat
816 2584 991 2668 omnium
1023 2583 1190 2668 maxime
1221 2583 1262 2667 in
1295 2585 1413 2670 deum
1434 2585 1756 2672 auertentiumet
1776 2587 2065 2675 salutiferorum
2096 2618 2259 2676 numero

318 2800 321 2808 ,
455 2759 542 2818 esse
573 2731 760 2816 habitum.
824 2730 896 2814 sed
928 2728 1111 2814 citienses
1150 2727 1260 2813 numi
1305 2756 1352 2814 eo
1394 2725 1531 2816 habitu
1562 2731 1776 2818 Herculem
1814 2744 2058 2843 proponunt,
2104 2744 2258 2822 utnon

442 2875 580 2986 possit
608 2901 689 2959 non
720 2873 857 2959 referri
884 2875 935 2957 ad
976 2872 1134 2979 signum
1173 2872 1361 2982 posticae:
1407 2873 1527 2962 immo
1570 2875 1777 2962 coniuncta
1817 2877 1968 2964 anticae
2009 2887 2048 2964 et
2085 2879 2257 2992 posticae

454 3020 569 3128 signa
608 3018 718 3130 quasi
764 3046 884 3103 unam
914 3025 1206 3128 repraesentant
1245 3045 1447 3120 scaenam,
1495 3019 1707 3106 Herculem
1752 3049 1868 3132 opem
1913 3049 2031 3109 ceruo
2071 3051 2257 3136 oppresso

455 3167 648 3250 ferentem
690 3165 892 3271 feramque
930 3161 1241 3274 profligaturum.
1319 3160 1434 3266 Quod
1479 3165 1513 3252 si
1553 3167 1639 3275 quis
1679 3168 1885 3274 negauerit
1927 3178 2034 3255 recte
2079 3199 2101 3254 a
2144 3171 2258 3258 nobis

455 3308 591 3410 statui,
633 3310 808 3394 conferat
842 3307 963 3392 uelim
998 3335 1205 3392 nummum
1247 3305 1480 3394 oonnthium
1523 3310 1656 3418 graeci
1693 3309 1804 3394 illum
1835 3311 1995 3420 quidem
2036 3316 2257 3423 argrmrenti

456 3455 529 3539 sed
559 3452 754 3554 simillimi,
799 3453 865 3562 qui
896 3481 986 3538 cum
1022 3449 1269 3536 Chimaeram
1300 3453 1549 3536 dextrorsum
1578 3451 1767 3562 impetum
1798 3451 2008 3538 facientem
2039 3452 2079 3538 in
2110 3455 2259 3568 postica

456 3596 658 3694 exhibeat,
704 3597 744 3681 in
781 3597 909 3682 antica
949 3593 1299 3706 Bellerophontem
1337 3595 1428 3680 facit
1468 3596 1622 3702 Pegaso
1663 3606 1823 3681 uectum
1868 3595 2022 3682 hastam
2073 3600 2257 3685 deorsum

456 3741 625 3849 dirigere
636 3745 665 3825 2.
728 3745 799 3827 sed
830 3769 946 3852 parco
976 3743 1121 3826 uerbis.
1186 3741 1280 3849 quid
1318 3738 1422 3824 enim
1454 3739 1597 3850 poterit
1628 3739 1771 3826 certius
1800 3767 2033 3850 essequam
2067 3751 2106 3827 et
2126 3739 2256 3828 Phoe-

558 4067 589 4148 1)
613 4066 722 4149 Neque
744 4065 827 4130 enim
855 4065 982 4130 obstant
1003 4063 1163 4128 rarissima
1193 4063 1345 4147 quaedam
1368 4063 1507 4145 exempla
1528 4063 1691 4128 siciliensis
1719 4064 1870 4146 monetae,
1901 4063 2072 4147 dequibus
2094 4064 2169 4130 elim
2191 4083 2258 4130 cer-

456 4179 568 4244 tiorem
592 4195 641 4241 me
662 4175 737 4240 tacit
759 4173 1035 4240 Imheoi·Blumer.
1068 4191 1142 4238 nam
1163 4171 1245 4255 quod
1267 4173 1300 4237 in
1320 4171 1557 4238 tedradrachmo
1580 4189 1767 4256 syracusano
1789 4173 1887 4240 musei
1909 4171 2077 4239 britannici
2098 4191 2196 4256 nuper
2216 4175 2256 4239 ab

456 4285 578 4352 Headio
599 4286 744 4350 numism.
768 4282 923 4349 cbrocicte
944 4282 1025 4347 1874
1048 4282 1109 4346 nol.
1125 4281 1201 4346 XIV
1217 4281 1281 4346 tab.
1295 4281 1354 4346 V3
1378 4279 1417 4344 cl.
1433 4299 1462 4363 p.
1475 4281 1515 4344 22
1537 4280 1620 4346 edito
1644 4279 1702 4362 [Aa
1722 4299 1770 4364 gr.
1795 4281 1900 4361 17,13
1920 4281 1953 4347 in
1975 4284 2040 4348 ant.
2062 4284 2157 4366 caput
2178 4285 2258 4348 A're-

457 4396 568 4461 thusae
588 4394 802 4460 sinistrorsum
817 4392 997 4474 spectantis,
1018 4390 1102 4456 inira
1118 4392 1181 4456 trra
1197 4390 1344 4473 delphini,
1367 4389 1466 4454 adscr.
1493 4393 1808 4488 ·Qt30>rAqY3‚
1837 4387 1913 4492 ΙΛΛ]
1936 4391 2055 4474 postica
2077 4392 2160 4459 inira
2178 4393 2257 4476 legi·
2336 4395 2340 4403 '

457 4503 570 4568 timam
584 4503 701 4580 notam,
726 4501 913 4585 quadrigam
925 4501 1066 4566 Victoria
1080 4518 1173 4583 supra
1190 4499 1352 4581 rulitante,
1374 4499 1406 4563 in
1428 4501 1588 4583 segmento
1608 4501 1718 4565 bouem
1740 4501 1798 4565 sub
1817 4501 1907 4566 leone
1928 4502 2109 4583 conlapsum
2124 4501 2256 4582 exhibet,

457 4612 491 4678 id
514 4629 603 4678 nemo
626 4611 671 4676 rei
693 4611 888 4677 nummariae
911 4609 1029 4692 peritus
1051 4628 1086 4674 er
1109 4609 1334 4692 Syracusarum
1357 4607 1443 4672 urbis
1466 4607 1621 4673 institutis
1640 4607 1767 4691 repetet.
1801 4608 1903 4674 Multo
1926 4628 2000 4676 sane
2021 4591 2189 4676 notabilior
2210 4611 2257 4676 ast

458 4737 604 4786 nummus
625 4737 732 4786 aereus
753 4718 916 4785 siciliensis
939 4717 1133 4802 (hemilitron
1153 4736 1201 4802 gr.
1223 4719 1253 4796 4,
1264 4717 1330 4795 45),
1366 4735 1457 4801 quem
1479 4717 1599 4782 amicus
1619 4716 1673 4783 ille
1701 4735 1788 4783 meus
1811 4717 1940 4784 Parisiis
1968 4717 2049 4782 uidit
2070 4717 2154 4802 apud
2176 4737 2257 4784 mar-

459 4831 597 4896 catorem
627 4829 840 4894 nummarium
867 4829 898 4893 et
928 4827 1016 4895 Piaci
1043 4828 1149 4911 oppidi
1179 4847 1243 4895 essa
1268 4845 1365 4910 nuper
1393 4826 1519 4909 egregie
1547 4825 1716 4892 diuinauit:
1760 4827 1794 4891 in
1823 4827 1887 4894 ant.
1919 4830 2014 4910 caput
2042 4827 2177 4894 iuuenile
2207 4828 2256 4894 dei

458 4937 596 5020 (duuiii)
618 4939 782 5004 cornutum
806 4937 1043 5021 laurentumque
1064 4936 1105 5002 ad
1125 4937 1286 5002 sinistram
1307 4953 1441 5014 uersum,
1473 4935 1546 5000 ante
1567 4935 1678 5000 taciem
1700 4933 1741 5002 ad
1762 4935 1923 5002 sinistram
1943 4936 2064 5020 globuli
2087 4955 2147 5015 scr,
2175 4937 2257 5004 inter

459 5061 536 5126 quos
558 5041 616 5107 hae
639 5042 786 5125 leguntur
810 5044 934 5109 litterae
956 5043 1210 5124 s'lll·t·A·K·t
1226 5047 1296 5116 ·Ν·
1325 5043 1710 5126 hecest[11]rcxrr(riv);
1730 5044 1765 5108 in
1784 5047 1864 5127 post.
1886 5063 1977 5110 cerua
1999 5045 2145 5128 collapsa,
2168 5046 2257 5112 cuius

458 5151 492 5216 in
514 5152 603 5235 tergo
624 5151 692 5217 fera
712 5151 827 5217 insidet
848 5153 978 5235 guttura
1000 5171 1105 5218 morsu
1126 5153 1380 5234 petenszcanem
1398 5171 1462 5218 esse
1475 5153 1645 5219 Imhoofius
1666 5153 1814 5233 affirmat,
1837 5171 1894 5238 ego
1915 5154 1948 5218 in
1969 5156 2150 5241 phctetype,
2173 5155 2256 5240 quod

457 5259 541 5324 idem
563 5260 612 5326 his
633 5259 741 5326 dicbus
762 5259 802 5326 nd
824 5279 874 5325 me
895 5260 991 5340 misit,
1013 5260 1132 5327 leonem
1154 5279 1319 5344 agnoscere
1340 5261 1417 5326 mihi
1440 5261 1555 5329 uideor.

559 5367 594 5452 2)
614 5371 759 5436 cumbra.
781 5367 939 5435 ebromdc
961 5371 1040 5435 1871
1064 5369 1184 5436 ιιο1ΧΙ
1200 5369 1263 5436 tab.
1275 5371 1361 5449 VI,1
1386 5370 1425 5436 cf.
1441 5370 1671 5438 Priedlaenderi
1693 5373 1724 5438 et
1747 5372 1858 5439 Salleti
1880 5374 1941 5439 cat.
1957 5391 2041 5439 num.
2059 5374 2154 5440 berol.
2176 5394 2205 5457 p.
2215 5375 2253 5439 61

459 5499 490 5544 n.
506 5481 547 5545 96
569 5480 600 5544 et
621 5477 838 5545 lriedlaeuder
861 5477 1013 5545 metuent.
1032 5480 1102 5545 reit.
1127 5479 1209 5544 1873
1231 5478 1293 5544 uel.
1308 5477 1401 5544 XXX
1422 5499 1450 5562 p.
1466 5481 1525 5545 102
1555 5480 1606 5546 uel
1624 5480 1766 5548 rotscbr.
1784 5481 1810 5562 f.
1831 5483 1976 5550 numiam.
1999 5483 2015 5548 Ι
2038 5502 2066 5566 p.
2083 5485 2154 5549 299.
2191 5501 2252 5549 una
