5124 6398
1260 729 1376 822 ⁸16

445 984 580 1070 leones
610 985 756 1070 bouem
787 984 1056 1094 depascentes,
1087 981 1150 1068 leo
1182 1009 1340 1068 ceruam
1370 1009 1598 1094 oppressam
1628 982 1779 1071 lanians
1798 979 1825 1068 ¹.
1859 982 2026 1070 Aezanis
2056 982 2097 1068 in
2125 982 2251 1092 Phry-

447 1127 512 1236 gia
542 1126 787 1214 mausoleum
819 1126 925 1211 diem
958 1124 1057 1226 tulit,
1108 1126 1150 1211 in
1179 1125 1290 1212 cuius
1322 1122 1495 1236 zophoro
1525 1135 1680 1238 praeter
1718 1125 1793 1212 alia
1824 1125 1923 1211 haec
1966 1153 2107 1213 scaena
2138 1121 2249 1210 exhi-

446 1274 583 1358 betur:
627 1282 784 1357 taurum
812 1271 877 1357 leo
911 1273 1039 1356 fronte
1072 1272 1241 1357 aduersa
1272 1272 1434 1356 adortus
1470 1296 1652 1354 umerum
1683 1272 1850 1371 mordet,
1887 1269 1985 1355 alter
2015 1270 2078 1355 leo
2107 1271 2247 1354 arbore

448 1417 578 1503 media
615 1418 665 1501 ab
694 1415 769 1504 illis
798 1423 1002 1527 separatus
1039 1415 1114 1500 cito
1147 1415 1321 1501 adcurrit
1350 1441 1399 1498 ne
1433 1415 1579 1524 praeda
1611 1423 1740 1498 careat
1754 1419 1781 1499 2.
1812 1413 2042 1523 ibidemque
2078 1413 2119 1498 in
2149 1422 2249 1523 tym-

447 1589 549 1673 pano
581 1559 825 1676 monumenti
861 1558 1089 1670 sepulcralis
1127 1561 1206 1644 duo
1242 1559 1375 1644 leones
1409 1557 1578 1669 pedibus
1607 1557 1865 1644 anterioribus
1897 1585 2014 1644 ceruo
2045 1557 2085 1642 in
2118 1584 2250 1668 genua

449 1699 620 1812 collapso
650 1698 787 1785 innisis
817 1698 937 1784 feroci
974 1699 1086 1784 uultu
1119 1699 1217 1783 alter
1249 1700 1415 1787 alterum
1447 1702 1659 1787 intuentur.

548 1843 672 1928 Multo
708 1841 749 1926 in
780 1841 863 1928 aliis
895 1841 1007 1928 terris
1038 1843 1182 1928 rariora
1216 1853 1307 1928 sunt
1337 1845 1529 1932 eiusmodi
1561 1855 1801 1948 omamenta‚
1833 1844 2086 1930 inueniuntur
2117 1854 2250 1930 tamen

450 1989 514 2074 uel
546 1988 659 2096 signa
692 1987 877 2072 statuaria
910 1994 993 2072 arte
1025 1988 1166 2086 efficta,
1211 1988 1323 2097 quale
1354 1988 1449 2074 illud
1480 2005 1779 2076 monumentum
1810 1988 1883 2074 luit
1921 1990 2026 2097 quod
2058 1987 2248 2074 libanius

449 2132 645 2232 describit,
690 2131 755 2217 uel
803 2131 917 2240 quale
945 2130 1183 2218 Claudianus
1231 2133 1455 2220 meminisse
1498 2134 1655 2220 uidetur
1703 2133 1827 2245 epigr.
1859 2134 1919 2217 Ill
1968 2161 2045 2242 quo
2079 2120 2250 2220 ‘toruum
2357 2173 2359 2180 ·

314 2387 318 2396 1
448 2304 587 2390 aprum
618 2275 850 2384 luluumque
882 2259 1048 2362 leonem'
1077 2285 1299 2387 pugnantes
1328 2278 1555 2364 admiratur.
1619 2306 1720 2388 quae
1749 2277 1911 2364 tumulis
1942 2279 2035 2362 olim
2068 2278 2249 2390 imposita

449 2419 566 2528 luisse
597 2415 681 2506 ucri
715 2419 908 2505 simillima
941 2430 1000 2505 est
1031 2420 1208 2506 omnium
1238 2421 1379 2532 opinio.
1437 2424 1520 2506 Leo
1552 2424 1699 2507 bouem
1733 2421 1958 2533 opprimens
1992 2419 2158 2507 Athenis
2189 2421 2249 2506 in·

448 2574 591 2652 uentus
625 2563 745 2651 hodie
774 2565 813 2649 in
843 2563 998 2651 Theseo
1031 2574 1227 2675 spectatur
1238 2565 1266 2664 ³,
1310 2566 1416 2651 aliud
1450 2594 1613 2652 scaenae
1644 2566 1727 2652 sine
1760 2566 1880 2652 dubio
1924 2566 2103 2651 eltrudem
2140 2569 2247 2674 frag-

449 2717 625 2793 mentum
657 2718 794 2820 postea
822 2708 971 2795 ibidem
1001 2718 1239 2821 protractum
1271 2721 1342 2798 est.
1378 2712 1420 2795 in
1452 2737 1587 2796 museo
1620 2689 1753 2798 nostro
1783 2709 2058 2818 antiquitatum
2090 2709 2249 2798 simula-

450 2879 560 2939 crum
592 2853 715 2938 simile
745 2853 987 2964 proponitur,
1019 2881 1141 2966 propo
1172 2856 1354 2940 Bonnam
1384 2859 1435 2940 ad
1465 2856 1656 2944 Wodanis
1687 2855 1826 2941 collem
1859 2863 2077 2964 repertum:
2108 2884 2248 2967 aprum

449 2998 510 3084 leo
541 2997 707 3108 diripere
738 2997 877 3108 coepit.
930 2999 1026 3082 dum
1058 2998 1117 3083 uir
1147 3001 1310 3084 dextero
1344 3025 1448 3107 genu
1481 2998 1522 3082 in
1561 2999 1677 3085 dorso
1709 2996 1846 3098 leonis,
1890 2995 2044 3082 sinistro
2075 2999 2177 3108 pede
2207 2997 2247 3082 in

448 3150 551 3227 terra
588 3140 696 3228 nisus
738 3139 892 3226 deicere
931 3142 1098 3228 bestiam
1138 3153 1299 3228 conatur
1313 3139 1340 3228 ⁴.
1404 3143 1630 3251 ibidemque
1672 3141 1712 3226 ln
1749 3140 1878 3252 lapide
1917 3141 2079 3226 Maroini
2116 3141 2249 3228 mihtis

451 3286 660 3373 memorias
694 3295 919 3371 consecrato
950 3314 1067 3398 supra
1100 3297 1254 3374 aetoma
1284 3281 1480 3399 zophorus
1510 3285 1686 3396 sculptus
1707 3285 1793 3386 fuit,
1823 3284 1863 3368 in
1893 3285 2002 3370 cuius
2023 3287 2245 3394 fragmento

451 3440 605 3518 seruato
643 3431 800 3515 leonem
838 3430 975 3518 uideas
1019 3459 1112 3543 apro
1155 3432 1337 3543 conlapsa
1374 3429 1601 3530 inhiantem,
1649 3428 1688 3513 in
1729 3429 1849 3514 altera
1889 3438 1998 3539 parte
2045 3430 2249 3541 deperdita

451 3575 618 3660 eandem
649 3583 717 3658 aut
746 3574 914 3660 similem
944 3603 1124 3662 scaenam
1157 3576 1351 3662 edolatam
1387 3575 1507 3661 fuisse
1540 3573 1744 3685 probabile
1776 3583 1835 3658 est
1850 3583 1878 3655 ⁶.
1931 3574 1979 3657 In
2010 3572 2121 3658 ltalia
2148 3573 2210 3658 inl
2229 3621 2249 3637 ·

449 3717 550 3802 riore
587 3715 754 3802 conicias
794 3718 932 3802 saltem
976 3719 1226 3829 pauperiores
1267 3728 1495 3804 ornamenta
1537 3717 1725 3830 sepulcris
1765 3717 1893 3802 fictilia
1933 3717 2114 3803 affixisse.
2170 3717 2248 3803 illic

451 3859 555 3945 enim
595 3887 684 3944 cum
727 3857 975 3971 anaglyphon
1020 3861 1136 3947 fictile
1174 3862 1432 3960 berolinense.
1486 3863 1577 3948 clim
1619 3861 1909 3972 neapolitanum
1951 3861 2089 3972 procul
2130 3863 2250 3948 dubio

449 4001 654 4086 inuentum
692 4010 762 4102 est,
800 4002 840 4086 in
873 4030 950 4110 quo
987 4003 1120 4089 leones
1158 4004 1237 4089 duo
1275 4005 1420 4088 bouem
1458 3999 1641 4102 laniant⁶‚
1688 4012 1773 4087 tum
1811 4003 1977 4087 alterum
2013 4001 2251 4124 simillimum

451 4148 557 4256 quod
588 4145 716 4230 Ruhis
747 4145 1058 4233 Friederichsins
1089 4149 1195 4258 apud
1227 4149 1410 4234 comitem
1442 4147 1574 4232 Fenici
1606 4146 1716 4249 uidit,
1749 4173 1819 4258 pro
1850 4149 1953 4231 boue
1991 4175 2152 4231 ceruum
2182 4157 2249 4233 aut

451 4317 598 4398 equum
631 4287 822 4376 exhibens
837 4284 864 4374 ⁷.

552 4492 581 4566 1)
604 4489 743 4566 Fellous,
766 4509 810 4554 aa
834 4491 964 4552 account
984 4487 1048 4552 tab.
1071 4506 1100 4569 p.
1114 4488 1183 4552 174.
1215 4487 1349 4552 alterum
1371 4487 1570 4572 anaglyphon
1590 4486 1690 4552 leonis
1713 4488 1744 4551 et
1767 4504 1878 4552 ceruaa
1900 4486 2130 4553 accuratissime
2153 4485 2252 4552 edidit

451 4597 599 4664 Prachou
621 4597 642 4662 l.
665 4617 689 4662 a.
709 4600 732 4664 t.
746 4596 791 4662 VI
809 4597 847 4676 B,
860 4596 891 4661 d.
925 4595 977 4662 sad
998 4597 1074 4661 haec
1096 4615 1171 4660 num
1194 4594 1380 4678 sepulcralia
1400 4594 1474 4672 sint,
1498 4593 1588 4658 uideo
1610 4593 1739 4658 dubium
1762 4611 1834 4659 essa.

550 4705 585 4786 2)
608 4705 716 4771 Teriar
737 4705 754 4770 Ι
775 4707 800 4770 t.
811 4705 863 4768 45.
878 4703 929 4768 46.
960 4702 1103 4788 idemque
1125 4703 1142 4768 Ι
1163 4705 1185 4768 t.
1198 4703 1238 4767 37
1259 4703 1298 4768 cl.
1321 4721 1351 4785 p.
1366 4703 1435 4767 123.

548 4813 584 4895 3)
606 4813 644 4879 R.
665 4812 796 4892 Kokala
821 4812 872 4879 dic
893 4811 1020 4878 maten
1041 4809 1207 4877 muare
1227 4815 1271 4876 im
1296 4809 1449 4876 Thracica
1467 4829 1508 4874 aa
1530 4807 1634 4874 Athen
1656 4829 1687 4874 n.
1704 4811 1732 4874 1.
1777 4809 1907 4875 alterius
1928 4809 2011 4890 signi
2036 4809 2248 4894 fragmentum

450 4921 570 4988 editum
593 4927 639 4986 cst
659 4921 693 4986 in
715 4919 908 5004 ephemerida
930 4919 1083 4984 archacol.
1107 4920 1210 4986 athen.
1234 4920 1315 4985 1862
1337 4919 1503 4996 tab.11'‚4
1524 4917 1562 4982 cl.
1586 4936 1616 5000 p.
1628 4919 1678 4983 49.

548 5029 583 5112 4)
605 5029 645 5095 ci.
675 5029 701 5096 I.
731 5027 904 5106 overseer,
938 5026 1066 5111 hotaloq
1098 5027 1152 5093 das
1181 5027 1250 5094 leda.
1284 5029 1384 5094 rbein.
1416 5047 1572 5093 mauors
1602 5027 1869 5093 vatcrldndiachcr
1907 5026 2108 5094 altertba'r'mer
2139 5023 2251 5112 (1851)

472 5187 478 5202 .
518 5139 565 5202 2s
588 5187 596 5203 .
618 5158 649 5202 ιι.
704 5139 734 5202 6.

450 5156 471 5220 p
497 5137 516 5204 8
549 5156 585 5327 bl
605 5139 811 5312 Ovalrheclim
832 5243 906 5311 ibid.
929 5263 958 5327 p.
974 5247 1014 5310 35
1036 5263 1067 5310 n.
1081 5246 1119 5310 71
1141 5244 1174 5309 id
1196 5247 1432 5312 monumentum
1453 5245 1501 5311 ita
1521 5244 1678 5324 describit,
1700 5247 1737 5308 ut
1758 5243 1903 5309 uideatur
1923 5263 1985 5310 non
2008 5243 2074 5328 ipsa
2096 5245 2219 5312 uidisse.

549 5353 584 5438 6)
606 5355 641 5422 11.
663 5353 813 5434 Gothum,
836 5353 941 5421 amite
961 5353 1128 5420 bildwcrlre
1149 5356 1173 5420 t.
1191 5354 1240 5432 78,
1251 5357 1280 5420 2.

550 5463 583 5546 7)
606 5463 807 5542 Friederichs‚
828 5462 922 5527 hamt
939 5463 1006 5527 aad
1026 5461 1114 5528 lebera
1135 5461 1292 5546 (Ddsseld.
1317 5463 1413 5546 1872)
1435 5483 1464 5546 p.
1482 5464 1552 5528 194.
