<?xml version="1.0" encoding="UTF-8"?>
<!DOCTYPE html PUBLIC "-//W3C//DTD XHTML 1.0 Transitional//EN"
    "http://www.w3.org/TR/xhtml1/DTD/xhtml1-transitional.dtd">
<html xmlns="http://www.w3.org/1999/xhtml" xml:lang="en" lang="en">
 <head>
  <title>
</title>
<meta http-equiv="Content-Type" content="text/html;charset=utf-8" />
  <meta name='ocr-system' content='tesseract 3.04.00' />
  <meta name='ocr-capabilities' content='ocr_page ocr_carea ocr_par ocr_line ocrx_word'/>
</head>
<body>
  <div class='ocr_page' id='page_1' title='image "./deiliadiscarmin00usengoog_0043.png"; bbox 0 0 5124 6398; ppageno 0'>
   <div class='ocr_carea' id='block_1_1' title="bbox 1333 734 1389 815">
    <p class='ocr_par' dir='ltr' id='par_1_1' title="bbox 1333 734 1389 815">
     <span class='ocr_line' id='line_1_1' title="bbox 1333 734 1389 815; baseline 0 0"><span class='ocrx_word' id='word_1_1' title='bbox 1333 734 1389 815; x_wconf 81' lang='lat'><strong>36</strong></span> 
     </span>
    </p>
   </div>
   <div class='ocr_carea' id='block_1_2' title="bbox 460 944 2269 2090">
    <p class='ocr_par' dir='ltr' id='par_1_2' title="bbox 460 944 2269 2090">
     <span class='ocr_line' id='line_1_2' title="bbox 461 944 2265 1087; baseline 0 -25"><span class='ocrx_word' id='word_1_2' title='bbox 461 944 632 1084; x_wconf 81' lang='lat' dir='ltr'><strong>uaeque,</strong></span> <span class='ocrx_word' id='word_1_3' title='bbox 672 1002 768 1082; x_wconf 88' lang='lat' dir='ltr'><strong>quas</strong></span> <span class='ocrx_word' id='word_1_4' title='bbox 801 973 881 1057; x_wconf 88' lang='lat' dir='ltr'><strong>uita</strong></span> <span class='ocrx_word' id='word_1_5' title='bbox 919 971 1068 1075; x_wconf 90' lang='lat' dir='ltr'><strong>induit,</strong></span> <span class='ocrx_word' id='word_1_6' title='bbox 1118 1000 1197 1057; x_wconf 92' lang='lat' dir='ltr'><strong>non</strong></span> <span class='ocrx_word' id='word_1_7' title='bbox 1234 1000 1357 1059; x_wconf 90' lang='lat' dir='ltr'><strong>nouas</strong></span> <span class='ocrx_word' id='word_1_8' title='bbox 1397 979 1446 1061; x_wconf 91' lang='lat' dir='ltr'><strong>de</strong></span> <span class='ocrx_word' id='word_1_9' title='bbox 1484 976 1605 1061; x_wconf 88' lang='lat' dir='ltr'>nihilo</span> <span class='ocrx_word' id='word_1_10' title='bbox 1650 985 1773 1077; x_wconf 91' lang='lat' dir='ltr'><strong>creat,</strong></span> <span class='ocrx_word' id='word_1_11' title='bbox 1814 979 1885 1062; x_wconf 91' lang='lat' dir='ltr'><strong>sed</strong></span> <span class='ocrx_word' id='word_1_12' title='bbox 1946 976 1995 1060; x_wconf 89' lang='lat' dir='ltr'><strong>ab</strong></span> <span class='ocrx_word' id='word_1_13' title='bbox 2036 975 2265 1087; x_wconf 82' lang='lat' dir='ltr'><strong>antiquitate</strong></span> 
     </span>
     <span class='ocr_line' id='line_1_3' title="bbox 461 1107 2267 1230; baseline -0.001 -23"><span class='ocrx_word' id='word_1_14' title='bbox 461 1130 642 1230; x_wconf 87' lang='lat' dir='ltr'><strong>acceptes</strong></span> <span class='ocrx_word' id='word_1_15' title='bbox 673 1119 892 1204; x_wconf 89' lang='lat' dir='ltr'><strong>secundum</strong></span> <span class='ocrx_word' id='word_1_16' title='bbox 924 1145 1084 1202; x_wconf 88' lang='lat' dir='ltr'><strong>auorum</strong></span> <span class='ocrx_word' id='word_1_17' title='bbox 1114 1125 1337 1228; x_wconf 90' lang='lat' dir='ltr'><strong>temporum</strong></span> <span class='ocrx_word' id='word_1_18' title='bbox 1369 1148 1507 1208; x_wconf 88' lang='lat' dir='ltr'><strong>sensus</strong></span> <span class='ocrx_word' id='word_1_19' title='bbox 1543 1150 1589 1207; x_wconf 89' lang='lat' dir='ltr'><strong>ao</strong></span> <span class='ocrx_word' id='word_1_20' title='bbox 1628 1121 1758 1207; x_wconf 88' lang='lat' dir='ltr'><strong>studia</strong></span> <span class='ocrx_word' id='word_1_21' title='bbox 1795 1122 2012 1212; x_wconf 90' lang='lat' dir='ltr'><strong>instaurare</strong></span> <span class='ocrx_word' id='word_1_22' title='bbox 2044 1134 2083 1212; x_wconf 92' lang='lat' dir='ltr'><strong>et</strong></span> <span class='ocrx_word' id='word_1_23' title='bbox 2101 1107 2267 1208; x_wconf 85' lang='lat' dir='ltr'><strong>¹mutare</strong></span> 
     </span>
     <span class='ocr_line' id='line_1_4' title="bbox 462 1261 2269 1378; baseline -0.001 -26"><span class='ocrx_word' id='word_1_24' title='bbox 462 1264 573 1352; x_wconf 88' lang='lat' dir='ltr'><strong>solet.</strong></span> <span class='ocrx_word' id='word_1_25' title='bbox 637 1262 703 1374; x_wconf 92' lang='lat' dir='ltr'><strong>qui</strong></span> <span class='ocrx_word' id='word_1_26' title='bbox 734 1291 812 1371; x_wconf 86' lang='lat' dir='ltr'><strong>quo</strong></span> <span class='ocrx_word' id='word_1_27' title='bbox 844 1261 1001 1370; x_wconf 81' lang='lat' dir='ltr'><strong>longius</strong></span> <span class='ocrx_word' id='word_1_28' title='bbox 1037 1269 1211 1348; x_wconf 90' lang='lat' dir='ltr'><strong>remotus</strong></span> <span class='ocrx_word' id='word_1_29' title='bbox 1242 1271 1303 1348; x_wconf 87' lang='lat' dir='ltr'><strong>est</strong></span> <span class='ocrx_word' id='word_1_30' title='bbox 1332 1266 1382 1367; x_wconf 82' lang='lat' dir='ltr'><strong>ab</strong></span> <span class='ocrx_word' id='word_1_31' title='bbox 1413 1263 1569 1350; x_wconf 90' lang='lat' dir='ltr'><strong>illorum</strong></span> <span class='ocrx_word' id='word_1_32' title='bbox 1599 1273 1726 1350; x_wconf 89' lang='lat' dir='ltr'><strong>aetate</strong></span> <span class='ocrx_word' id='word_1_33' title='bbox 1764 1266 1830 1374; x_wconf 91' lang='lat' dir='ltr'><strong>qui</strong></span> <span class='ocrx_word' id='word_1_34' title='bbox 1863 1268 1979 1378; x_wconf 90' lang='lat' dir='ltr'><strong>primi</strong></span> <span class='ocrx_word' id='word_1_35' title='bbox 2010 1269 2094 1356; x_wconf 88' lang='lat' dir='ltr'><strong>illas</strong></span> <span class='ocrx_word' id='word_1_36' title='bbox 2123 1269 2269 1354; x_wconf 88' lang='lat' dir='ltr'><strong>formas</strong></span> 
     </span>
     <span class='ocr_line' id='line_1_5' title="bbox 463 1403 2269 1524; baseline 0.001 -30"><span class='ocrx_word' id='word_1_37' title='bbox 463 1407 696 1517; x_wconf 80' lang='lat' dir='ltr'><strong>fabulasque</strong></span> <span class='ocrx_word' id='word_1_38' title='bbox 727 1405 768 1489; x_wconf 94' lang='lat' dir='ltr'><strong>in</strong></span> <span class='ocrx_word' id='word_1_39' title='bbox 797 1405 930 1489; x_wconf 92' lang='lat' dir='ltr'><strong>medio</strong></span> <span class='ocrx_word' id='word_1_40' title='bbox 968 1431 1157 1514; x_wconf 77' lang='lat' dir='ltr'>posuere,</span> <span class='ocrx_word' id='word_1_41' title='bbox 1200 1431 1246 1490; x_wconf 90' lang='lat' dir='ltr'><strong>eo</strong></span> <span class='ocrx_word' id='word_1_42' title='bbox 1284 1403 1414 1494; x_wconf 88' lang='lat' dir='ltr'><strong>minus</strong></span> <span class='ocrx_word' id='word_1_43' title='bbox 1458 1436 1592 1494; x_wconf 89' lang='lat' dir='ltr'><strong>earum</strong></span> <span class='ocrx_word' id='word_1_44' title='bbox 1631 1412 1805 1520; x_wconf 91' lang='lat' dir='ltr'><strong>pondere</strong></span> <span class='ocrx_word' id='word_1_45' title='bbox 1855 1412 2018 1522; x_wconf 89' lang='lat' dir='ltr'><strong>pristino</strong></span> <span class='ocrx_word' id='word_1_46' title='bbox 2056 1410 2269 1524; x_wconf 89' lang='lat' dir='ltr'><strong>impeditus</strong></span> 
     </span>
     <span class='ocr_line' id='line_1_6' title="bbox 460 1547 2269 1660; baseline 0.001 -24"><span class='ocrx_word' id='word_1_47' title='bbox 460 1551 624 1636; x_wconf 90' lang='lat' dir='ltr'><strong>liberius</strong></span> <span class='ocrx_word' id='word_1_48' title='bbox 656 1579 723 1636; x_wconf 91' lang='lat' dir='ltr'><strong>eas</strong></span> <span class='ocrx_word' id='word_1_49' title='bbox 753 1548 896 1660; x_wconf 90' lang='lat' dir='ltr'><strong>poterit</strong></span> <span class='ocrx_word' id='word_1_50' title='bbox 921 1549 973 1631; x_wconf 89' lang='lat' dir='ltr'><strong>ad</strong></span> <span class='ocrx_word' id='word_1_51' title='bbox 1004 1547 1128 1658; x_wconf 91' lang='lat' dir='ltr'><strong>pulcri</strong></span> <span class='ocrx_word' id='word_1_52' title='bbox 1158 1575 1335 1634; x_wconf 87' lang='lat' dir='ltr'><strong>normam</strong></span> <span class='ocrx_word' id='word_1_53' title='bbox 1365 1548 1537 1657; x_wconf 80' lang='lat' dir='ltr'>exigere.</span> <span class='ocrx_word' id='word_1_54' title='bbox 1585 1549 1641 1636; x_wconf 89' lang='lat' dir='ltr'><strong>sio</strong></span> <span class='ocrx_word' id='word_1_55' title='bbox 1671 1577 1772 1660; x_wconf 90' lang='lat' dir='ltr'><strong>quae</strong></span> <span class='ocrx_word' id='word_1_56' title='bbox 1796 1552 1965 1640; x_wconf 83' lang='lat' dir='ltr'><strong>Sallctus</strong></span> <span class='ocrx_word' id='word_1_57' title='bbox 1996 1557 2046 1640; x_wconf 91' lang='lat' dir='ltr'><strong>de</strong></span> <span class='ocrx_word' id='word_1_58' title='bbox 2076 1551 2269 1640; x_wconf 88' lang='lat' dir='ltr'><strong>artificum</strong></span> 
     </span>
     <span class='ocr_line' id='line_1_7' title="bbox 463 1692 2269 1804; baseline -0.001 -23"><span class='ocrx_word' id='word_1_59' title='bbox 463 1695 634 1782; x_wconf 87' lang='lat' dir='ltr'><strong>consiliis</strong></span> <span class='ocrx_word' id='word_1_60' title='bbox 667 1694 870 1780; x_wconf 90' lang='lat' dir='ltr'><strong>uerissime</strong></span> <span class='ocrx_word' id='word_1_61' title='bbox 902 1692 1011 1795; x_wconf 82' lang='lat' dir='ltr'><strong>dixit,</strong></span> <span class='ocrx_word' id='word_1_62' title='bbox 1044 1692 1100 1777; x_wconf 91' lang='lat' dir='ltr'><strong>eis</strong></span> <span class='ocrx_word' id='word_1_63' title='bbox 1131 1693 1369 1778; x_wconf 88' lang='lat' dir='ltr'><strong>contrarium</strong></span> <span class='ocrx_word' id='word_1_64' title='bbox 1392 1693 1581 1803; x_wconf 89' lang='lat' dir='ltr'><strong>probauit.</strong></span> <span class='ocrx_word' id='word_1_65' title='bbox 1643 1722 1736 1780; x_wconf 89' lang='lat' dir='ltr'><strong>narn</strong></span> <span class='ocrx_word' id='word_1_66' title='bbox 1770 1698 1876 1804; x_wconf 88' lang='lat' dir='ltr'><strong>quod</strong></span> <span class='ocrx_word' id='word_1_67' title='bbox 1911 1698 2012 1783; x_wconf 88' lang='lat' dir='ltr'><strong>circa</strong></span> <span class='ocrx_word' id='word_1_68' title='bbox 2043 1695 2269 1784; x_wconf 84' lang='lat' dir='ltr'><strong>Acanthum</strong></span> 
     </span>
     <span class='ocr_line' id='line_1_8' title="bbox 464 1837 2269 1941; baseline -0.001 -17"><span class='ocrx_word' id='word_1_69' title='bbox 464 1838 610 1925; x_wconf 90' lang='lat' dir='ltr'><strong>multos</strong></span> <span class='ocrx_word' id='word_1_70' title='bbox 641 1837 775 1924; x_wconf 90' lang='lat' dir='ltr'><strong>leones</strong></span> <span class='ocrx_word' id='word_1_71' title='bbox 808 1864 895 1922; x_wconf 89' lang='lat' dir='ltr'><strong>esse</strong></span> <span class='ocrx_word' id='word_1_72' title='bbox 927 1844 965 1920; x_wconf 89' lang='lat' dir='ltr'><strong>et</strong></span> <span class='ocrx_word' id='word_1_73' title='bbox 995 1838 1099 1922; x_wconf 84' lang='lat' dir='ltr'><strong>leros</strong></span> <span class='ocrx_word' id='word_1_74' title='bbox 1127 1838 1251 1922; x_wconf 91' lang='lat' dir='ltr'><strong>boues</strong></span> <span class='ocrx_word' id='word_1_75' title='bbox 1282 1837 1507 1922; x_wconf 89' lang='lat' dir='ltr'><strong>Herodotus</strong></span> <span class='ocrx_word' id='word_1_76' title='bbox 1538 1838 1657 1923; x_wconf 82' lang='lat' dir='ltr'><strong>tradit</strong></span> <span class='ocrx_word' id='word_1_77' title='bbox 1686 1839 1759 1924; x_wconf 89' lang='lat' dir='ltr'><strong>VII</strong></span> <span class='ocrx_word' id='word_1_78' title='bbox 1784 1840 1879 1941; x_wconf 79' lang='lat'><strong>126,</strong></span> <span class='ocrx_word' id='word_1_79' title='bbox 1918 1841 2125 1928; x_wconf 88' lang='lat' dir='ltr'><strong>manifesto</strong></span> <span class='ocrx_word' id='word_1_80' title='bbox 2147 1839 2269 1926; x_wconf 54' lang='lat' dir='ltr'><strong>‘fabu-</strong></span> 
     </span>
     <span class='ocr_line' id='line_1_9' title="bbox 463 1971 2269 2090; baseline -0.001 -20"><span class='ocrx_word' id='word_1_81' title='bbox 463 1983 542 2070; x_wconf 91' lang='lat' dir='ltr'><strong>lam</strong></span> <span class='ocrx_word' id='word_1_82' title='bbox 574 1982 751 2090; x_wconf 89' lang='lat' dir='ltr'><strong>sequitur</strong></span> <span class='ocrx_word' id='word_1_83' title='bbox 780 2009 829 2065; x_wconf 89' lang='lat' dir='ltr'><strong>ex</strong></span> <span class='ocrx_word' id='word_1_84' title='bbox 865 1971 951 2090; x_wconf 90' lang='lat' dir='ltr'><strong>ipso</strong></span> <span class='ocrx_word' id='word_1_85' title='bbox 980 1979 1046 2064; x_wconf 95' lang='lat' dir='ltr'><strong>illo</strong></span> <span class='ocrx_word' id='word_1_86' title='bbox 1076 2005 1329 2065; x_wconf 90' lang='lat' dir='ltr'><strong>nummorum</strong></span> <span class='ocrx_word' id='word_1_87' title='bbox 1368 1977 1482 2086; x_wconf 84' lang='lat' dir='ltr'><strong>signo</strong></span> <span class='ocrx_word' id='word_1_88' title='bbox 1519 1989 1658 2066; x_wconf 89' lang='lat' dir='ltr'><strong>ortam.</strong></span> <span class='ocrx_word' id='word_1_89' title='bbox 1719 1983 1771 2066; x_wconf 89' lang='lat' dir='ltr'><strong>de</strong></span> <span class='ocrx_word' id='word_1_90' title='bbox 1803 1982 1990 2068; x_wconf 83' lang='lat' dir='ltr'><strong>Graeciae</strong></span> <span class='ocrx_word' id='word_1_91' title='bbox 2022 1993 2156 2068; x_wconf 90' lang='lat' dir='ltr'><strong>autern</strong></span> <span class='ocrx_word' id='word_1_92' title='bbox 2186 1984 2269 2068; x_wconf 90' lang='lat' dir='ltr'><strong>leo·</strong></span> 
     </span>
    </p>
   </div>
   <div class='ocr_carea' id='block_1_3' title="bbox 464 2120 2268 2375">
    <p class='ocr_par' dir='ltr' id='par_1_3' title="bbox 464 2120 2268 2375">
     <span class='ocr_line' id='line_1_10' title="bbox 464 2120 2268 2236; baseline 0.001 -26"><span class='ocrx_word' id='word_1_93' title='bbox 464 2125 580 2210; x_wconf 91' lang='lat' dir='ltr'><strong>nibus</strong></span> <span class='ocrx_word' id='word_1_94' title='bbox 612 2133 728 2234; x_wconf 86' lang='lat' dir='ltr'><strong>poeta</strong></span> <span class='ocrx_word' id='word_1_95' title='bbox 756 2121 956 2208; x_wconf 87' lang='lat' dir='ltr'><strong>hucohcus</strong></span> <span class='ocrx_word' id='word_1_96' title='bbox 987 2120 1268 2232; x_wconf 89' lang='lat' dir='ltr'><strong>circumspecte</strong></span> <span class='ocrx_word' id='word_1_97' title='bbox 1303 2122 1510 2224; x_wconf 89' lang='lat' dir='ltr'><strong>iudicauit,</strong></span> <span class='ocrx_word' id='word_1_98' title='bbox 1555 2152 1645 2209; x_wconf 90' lang='lat' dir='ltr'><strong>oum</strong></span> <span class='ocrx_word' id='word_1_99' title='bbox 1687 2127 1737 2209; x_wconf 92' lang='lat' dir='ltr'><strong>de</strong></span> <span class='ocrx_word' id='word_1_100' title='bbox 1777 2135 1958 2236; x_wconf 91' lang='lat' dir='ltr'><strong>portento</strong></span> <span class='ocrx_word' id='word_1_101' title='bbox 1992 2154 2181 2212; x_wconf 89' lang='lat' dir='ltr'><strong>nemeaeo</strong></span> <span class='ocrx_word' id='word_1_102' title='bbox 2213 2126 2268 2212; x_wconf 90' lang='lat' dir='ltr'><strong>ait</strong></span> 
     </span>
     <span class='ocr_line' id='line_1_11' title="bbox 466 2263 926 2375; baseline -0.011 -21"><span class='ocrx_word' id='word_1_103' title='bbox 466 2263 647 2375; x_wconf 77' lang='lat' dir='ltr'><strong>(Theocr.</strong></span> <span class='ocrx_word' id='word_1_104' title='bbox 680 2267 792 2352; x_wconf 82' lang='lat' dir='ltr'><strong>XXV</strong></span> <span class='ocrx_word' id='word_1_105' title='bbox 826 2263 926 2375; x_wconf 78' lang='lat'>183)</span> 
     </span>
    </p>
   </div>
   <div class='ocr_carea' id='block_1_4' title="bbox 376 2399 2316 5346">
    <p class='ocr_par' dir='ltr' id='par_1_4' title="bbox 813 2399 1908 2504">
     <span class='ocr_line' id='line_1_12' title="bbox 813 2399 1908 2504; baseline 0 -26"><span class='ocrx_word' id='word_1_106' title='bbox 813 2407 857 2478; x_wconf 87' lang='grc' dir='ltr'><strong>ου’</strong></span> <span class='ocrx_word' id='word_1_107' title='bbox 883 2409 949 2496; x_wconf 80' lang='grc' dir='ltr'><strong>μὲν</strong></span> <span class='ocrx_word' id='word_1_108' title='bbox 974 2405 1042 2502; x_wconf 67' lang='grc' dir='ltr'><strong>γάρ</strong></span> <span class='ocrx_word' id='word_1_109' title='bbox 1065 2429 1102 2474; x_wconf 83' lang='grc' dir='ltr'><strong>κε</strong></span> <span class='ocrx_word' id='word_1_110' title='bbox 1126 2399 1284 2475; x_wconf 80' lang='grc' dir='ltr'><strong><em>τοσόνδε</em></strong></span> <span class='ocrx_word' id='word_1_111' title='bbox 1312 2405 1393 2474; x_wconf 86' lang='grc' dir='ltr'><strong><em>κατ’</em></strong></span> <span class='ocrx_word' id='word_1_112' title='bbox 1419 2401 1553 2475; x_wconf 78' lang='lat' dir='ltr'><strong>&#39;hrrida</strong></span> <span class='ocrx_word' id='word_1_113' title='bbox 1580 2401 1767 2476; x_wconf 77' lang='grc' dir='ltr'><em>κνώδαλον</em></span> <span class='ocrx_word' id='word_1_114' title='bbox 1795 2403 1908 2504; x_wconf 82' lang='grc' dir='ltr'><em>εὕροις</em></span> 
     </span>
    </p>

    <p class='ocr_par' dir='ltr' id='par_1_5' title="bbox 814 2520 1733 2628">
     <span class='ocr_line' id='line_1_13' title="bbox 814 2520 1733 2628; baseline 0.001 -28"><span class='ocrx_word' id='word_1_115' title='bbox 814 2529 958 2626; x_wconf 82' lang='grc' dir='ltr'><strong><em>ἱμείρων</em></strong></span> <span class='ocrx_word' id='word_1_116' title='bbox 982 2521 1104 2614; x_wconf 82' lang='grc' dir='ltr'><strong><em>ἰδέειν,</em></strong></span> <span class='ocrx_word' id='word_1_117' title='bbox 1131 2527 1208 2598; x_wconf 79' lang='grc' dir='ltr'><strong>ἐπεὶ</strong></span> <span class='ocrx_word' id='word_1_118' title='bbox 1234 2520 1278 2598; x_wconf 80' lang='lat' dir='ltr'><strong>od</strong></span> <span class='ocrx_word' id='word_1_119' title='bbox 1304 2531 1409 2622; x_wconf 85' lang='grc' dir='ltr'><em>μάλα</em></span> <span class='ocrx_word' id='word_1_120' title='bbox 1434 2527 1568 2612; x_wconf 83' lang='grc' dir='ltr'><strong><em>τηλίκα</em></strong></span> <span class='ocrx_word' id='word_1_121' title='bbox 1595 2529 1733 2628; x_wconf 84' lang='grc' dir='ltr'><strong><em>βόσκει,</em></strong></span> 
     </span>
    </p>

    <p class='ocr_par' dir='ltr' id='par_1_6' title="bbox 376 2645 2267 3039">
     <span class='ocr_line' id='line_1_14' title="bbox 818 2645 1890 2751; baseline 0.003 -28"><span class='ocrx_word' id='word_1_122' title='bbox 818 2645 899 2723; x_wconf 75' lang='grc' dir='ltr'><strong>ἀλλ’</strong></span> <span class='ocrx_word' id='word_1_123' title='bbox 928 2649 1082 2750; x_wconf 78' lang='grc' dir='ltr'><strong><em>ἄρκτους</em></strong></span> <span class='ocrx_word' id='word_1_124' title='bbox 1108 2679 1148 2723; x_wconf 82' lang='grc' dir='ltr'><strong>τε</strong></span> <span class='ocrx_word' id='word_1_125' title='bbox 1176 2657 1270 2734; x_wconf 83' lang='grc' dir='ltr'><em>σύας</em></span> <span class='ocrx_word' id='word_1_126' title='bbox 1296 2679 1336 2724; x_wconf 82' lang='grc' dir='ltr'><strong>τε</strong></span> <span class='ocrx_word' id='word_1_127' title='bbox 1364 2655 1481 2724; x_wconf 85' lang='grc' dir='ltr'><strong><em>λύκων</em></strong></span> <span class='ocrx_word' id='word_1_128' title='bbox 1508 2653 1540 2724; x_wconf 76' lang='grc' dir='ltr'><strong>τ’</strong></span> <span class='ocrx_word' id='word_1_129' title='bbox 1564 2651 1749 2751; x_wconf 79' lang='grc' dir='ltr'><strong><em>ὀλοφώιον</em></strong></span> <span class='ocrx_word' id='word_1_130' title='bbox 1776 2645 1890 2737; x_wconf 62' lang='grc' dir='ltr'><strong><em>ἔθνος.</em></strong></span> 
     </span>
     <span class='ocr_line' id='line_1_15' title="bbox 465 2765 2267 2894; baseline 0.001 -26"><span class='ocrx_word' id='word_1_131' title='bbox 465 2781 614 2869; x_wconf 89' lang='lat' dir='ltr'><strong>scilicet</strong></span> <span class='ocrx_word' id='word_1_132' title='bbox 646 2791 736 2869; x_wconf 88' lang='lat' dir='ltr'><strong>ante</strong></span> <span class='ocrx_word' id='word_1_133' title='bbox 756 2783 967 2869; x_wconf 78' lang='lat' dir='ltr'><strong>Alexandri</strong></span> <span class='ocrx_word' id='word_1_134' title='bbox 998 2790 1168 2867; x_wconf 91' lang='lat' dir='ltr'><strong>aetatem</strong></span> <span class='ocrx_word' id='word_1_135' title='bbox 1192 2783 1356 2868; x_wconf 83' lang='lat' dir='ltr'><strong>Graecia</strong></span> <span class='ocrx_word' id='word_1_136' title='bbox 1377 2783 1444 2868; x_wconf 91' lang='lat' dir='ltr'><strong>uix</strong></span> <span class='ocrx_word' id='word_1_137' title='bbox 1463 2783 1574 2869; x_wconf 90' lang='lat' dir='ltr'><strong>nouit</strong></span> <span class='ocrx_word' id='word_1_138' title='bbox 1593 2783 1749 2871; x_wconf 87' lang='lat' dir='ltr'><strong>leonem</strong></span> <span class='ocrx_word' id='word_1_139' title='bbox 1779 2783 1853 2870; x_wconf 91' lang='lat' dir='ltr'><strong>nisi</strong></span> <span class='ocrx_word' id='word_1_140' title='bbox 1884 2765 2119 2886; x_wconf 89' lang='lat' dir='ltr'><strong>fabulosum,</strong></span> <span class='ocrx_word' id='word_1_141' title='bbox 2152 2812 2267 2894; x_wconf 90' lang='lat' dir='ltr'><strong>quem</strong></span> 
     </span>
     <span class='ocr_line' id='line_1_16' title="bbox 376 2925 1902 3039; baseline 0.001 -28"><span class='ocrx_word' id='word_1_142' title='bbox 376 2985 380 2996; x_wconf 84' lang='lat'>·</span> <span class='ocrx_word' id='word_1_143' title='bbox 466 2956 515 3012; x_wconf 89' lang='lat' dir='ltr'><strong>ex</strong></span> <span class='ocrx_word' id='word_1_144' title='bbox 548 2929 690 3012; x_wconf 89' lang='lat' dir='ltr'><strong>eodem</strong></span> <span class='ocrx_word' id='word_1_145' title='bbox 719 2928 835 3012; x_wconf 73' lang='lat' dir='ltr'><strong>sonte·</strong></span> <span class='ocrx_word' id='word_1_146' title='bbox 859 2953 936 3036; x_wconf 91' lang='lat' dir='ltr'><strong>quo</strong></span> <span class='ocrx_word' id='word_1_147' title='bbox 967 2925 1181 3038; x_wconf 80' lang='lat' dir='ltr'><strong>sphingum</strong></span> <span class='ocrx_word' id='word_1_148' title='bbox 1211 2927 1484 3038; x_wconf 83' lang='lat' dir='ltr'><strong>gryphnmque</strong></span> <span class='ocrx_word' id='word_1_149' title='bbox 1517 2928 1705 3036; x_wconf 84' lang='lat' dir='ltr'><strong>figmenta</strong></span> <span class='ocrx_word' id='word_1_150' title='bbox 1735 2929 1902 3039; x_wconf 90' lang='lat' dir='ltr'><strong>repetiit.</strong></span> 
     </span>
    </p>

    <p class='ocr_par' dir='ltr' id='par_1_7' title="bbox 467 3069 2316 5346">
     <span class='ocr_line' id='line_1_17' title="bbox 569 3069 2268 3182; baseline -0.002 -23"><span class='ocrx_word' id='word_1_151' title='bbox 569 3071 672 3159; x_wconf 82' lang='lat' dir='ltr'><strong>Satis</strong></span> <span class='ocrx_word' id='word_1_152' title='bbox 703 3097 900 3182; x_wconf 86' lang='lat' dir='ltr'>superque</span> <span class='ocrx_word' id='word_1_153' title='bbox 933 3069 1013 3154; x_wconf 88' lang='lat' dir='ltr'><strong>dixi</strong></span> <span class='ocrx_word' id='word_1_154' title='bbox 1035 3072 1085 3155; x_wconf 89' lang='lat' dir='ltr'><strong>de</strong></span> <span class='ocrx_word' id='word_1_155' title='bbox 1105 3069 1270 3156; x_wconf 91' lang='lat' dir='ltr'><strong>aliorum</strong></span> <span class='ocrx_word' id='word_1_156' title='bbox 1300 3069 1666 3182; x_wconf 82' lang='lat' dir='ltr'><strong>interpretamentis,</strong></span> <span class='ocrx_word' id='word_1_157' title='bbox 1697 3069 1948 3180; x_wconf 90' lang='lat' dir='ltr'><strong>inspiciamus</strong></span> <span class='ocrx_word' id='word_1_158' title='bbox 1979 3069 2152 3182; x_wconf 86' lang='lat' dir='ltr'><strong>lapidem</strong></span> <span class='ocrx_word' id='word_1_159' title='bbox 2183 3070 2268 3182; x_wconf 87' lang='lat' dir='ltr'><strong>ipsi.</strong></span> 
     </span>
     <span class='ocr_line' id='line_1_18' title="bbox 467 3211 2270 3326; baseline 0.001 -25"><span class='ocrx_word' id='word_1_160' title='bbox 467 3215 554 3302; x_wconf 89' lang='lat' dir='ltr'><strong>Leo</strong></span> <span class='ocrx_word' id='word_1_161' title='bbox 584 3215 736 3322; x_wconf 58' lang='lat' dir='ltr'><strong>igitur„</strong></span> <span class='ocrx_word' id='word_1_162' title='bbox 766 3221 810 3298; x_wconf 92' lang='lat' dir='ltr'><strong>ut</strong></span> <span class='ocrx_word' id='word_1_163' title='bbox 849 3213 891 3297; x_wconf 93' lang='lat' dir='ltr'><strong>in</strong></span> <span class='ocrx_word' id='word_1_164' title='bbox 927 3211 1147 3326; x_wconf 84' lang='lat' dir='ltr'><strong>anaglypho</strong></span> <span class='ocrx_word' id='word_1_165' title='bbox 1186 3215 1387 3316; x_wconf 88' lang='lat' dir='ltr'><strong>uidemus,</strong></span> <span class='ocrx_word' id='word_1_166' title='bbox 1436 3217 1683 3326; x_wconf 88' lang='lat' dir='ltr'><strong>Antipatrum</strong></span> <span class='ocrx_word' id='word_1_167' title='bbox 1713 3242 1792 3298; x_wconf 92' lang='lat' dir='ltr'><strong>non</strong></span> <span class='ocrx_word' id='word_1_168' title='bbox 1835 3215 1916 3299; x_wconf 87' lang='lat' dir='ltr'><strong>uita</strong></span> <span class='ocrx_word' id='word_1_169' title='bbox 1962 3215 2153 3326; x_wconf 83' lang='lat' dir='ltr'><strong>priuauit,</strong></span> <span class='ocrx_word' id='word_1_170' title='bbox 2200 3219 2270 3302; x_wconf 90' lang='lat' dir='ltr'><strong>sed</strong></span> 
     </span>
     <span class='ocr_line' id='line_1_19' title="bbox 467 3359 2270 3471; baseline 0.002 -29"><span class='ocrx_word' id='word_1_171' title='bbox 467 3367 667 3445; x_wconf 90' lang='lat' dir='ltr'><strong>mortuum</strong></span> <span class='ocrx_word' id='word_1_172' title='bbox 697 3383 912 3466; x_wconf 82' lang='lat' dir='ltr'><strong>aggressus</strong></span> <span class='ocrx_word' id='word_1_173' title='bbox 947 3366 1024 3460; x_wconf 89' lang='lat' dir='ltr'><strong>est,</strong></span> <span class='ocrx_word' id='word_1_174' title='bbox 1075 3385 1240 3468; x_wconf 86' lang='lat' dir='ltr'><strong>eamque</strong></span> <span class='ocrx_word' id='word_1_175' title='bbox 1271 3361 1417 3459; x_wconf 87' lang='lat' dir='ltr'><strong>feram,</strong></span> <span class='ocrx_word' id='word_1_176' title='bbox 1460 3359 1501 3444; x_wconf 92' lang='lat' dir='ltr'><strong>id</strong></span> <span class='ocrx_word' id='word_1_177' title='bbox 1544 3360 1650 3470; x_wconf 92' lang='lat' dir='ltr'><strong>quod</strong></span> <span class='ocrx_word' id='word_1_178' title='bbox 1694 3387 1833 3445; x_wconf 89' lang='lat' dir='ltr'><strong>uersus</strong></span> <span class='ocrx_word' id='word_1_179' title='bbox 1876 3359 2036 3471; x_wconf 79' lang='lat' dir='ltr'><strong>ascripti</strong></span> <span class='ocrx_word' id='word_1_180' title='bbox 2067 3369 2270 3462; x_wconf 86' lang='lat' dir='ltr'><strong>testantur,</strong></span> 
     </span>
     <span class='ocr_line' id='line_1_20' title="bbox 467 3501 2272 3614; baseline 0.001 -29"><span class='ocrx_word' id='word_1_181' title='bbox 467 3502 616 3588; x_wconf 87' lang='lat' dir='ltr'><strong>amicus</strong></span> <span class='ocrx_word' id='word_1_182' title='bbox 653 3530 769 3614; x_wconf 91' lang='lat' dir='ltr'><strong>opem</strong></span> <span class='ocrx_word' id='word_1_183' title='bbox 807 3501 1013 3613; x_wconf 86' lang='lat' dir='ltr'><strong>Antipatro</strong></span> <span class='ocrx_word' id='word_1_184' title='bbox 1053 3503 1184 3588; x_wconf 87' lang='lat' dir='ltr'><strong>serens</strong></span> <span class='ocrx_word' id='word_1_185' title='bbox 1222 3503 1386 3588; x_wconf 81' lang='lat' dir='ltr'><strong>feliciter</strong></span> <span class='ocrx_word' id='word_1_186' title='bbox 1423 3533 1446 3588; x_wconf 91' lang='lat' dir='ltr'><strong>a</strong></span> <span class='ocrx_word' id='word_1_187' title='bbox 1484 3503 1585 3588; x_wconf 90' lang='lat' dir='ltr'><strong>lecto</strong></span> <span class='ocrx_word' id='word_1_188' title='bbox 1633 3502 1788 3588; x_wconf 80' lang='lat' dir='ltr'><strong>funebri</strong></span> <span class='ocrx_word' id='word_1_189' title='bbox 1827 3503 1990 3613; x_wconf 89' lang='lat' dir='ltr'><strong>depulit.</strong></span> <span class='ocrx_word' id='word_1_190' title='bbox 2066 3503 2272 3607; x_wconf 80' lang='lat' dir='ltr'><strong>Quaeritur</strong></span> 
     </span>
     <span class='ocr_line' id='line_1_21' title="bbox 469 3645 2271 3756; baseline 0 -24"><span class='ocrx_word' id='word_1_191' title='bbox 469 3649 536 3756; x_wconf 92' lang='lat' dir='ltr'><strong>qui</strong></span> <span class='ocrx_word' id='word_1_192' title='bbox 565 3647 683 3734; x_wconf 88' lang='lat' dir='ltr'><strong>fuerit</strong></span> <span class='ocrx_word' id='word_1_193' title='bbox 714 3648 863 3732; x_wconf 87' lang='lat' dir='ltr'><strong>amicus</strong></span> <span class='ocrx_word' id='word_1_194' title='bbox 894 3645 958 3732; x_wconf 92' lang='lat' dir='ltr'><strong>ille</strong></span> <span class='ocrx_word' id='word_1_195' title='bbox 990 3647 1055 3731; x_wconf 90' lang='lat' dir='ltr'><strong>uel</strong></span> <span class='ocrx_word' id='word_1_196' title='bbox 1084 3647 1211 3732; x_wconf 89' lang='lat' dir='ltr'><strong>amici.</strong></span> <span class='ocrx_word' id='word_1_197' title='bbox 1273 3647 1429 3735; x_wconf 88' lang='lat' dir='ltr'><strong>uenisse</strong></span> <span class='ocrx_word' id='word_1_198' title='bbox 1461 3676 1529 3734; x_wconf 93' lang='lat' dir='ltr'><strong>eos</strong></span> <span class='ocrx_word' id='word_1_199' title='bbox 1568 3649 1617 3732; x_wconf 92' lang='lat' dir='ltr'><strong>de</strong></span> <span class='ocrx_word' id='word_1_200' title='bbox 1652 3674 1759 3733; x_wconf 90' lang='lat' dir='ltr'><strong>sacra</strong></span> <span class='ocrx_word' id='word_1_201' title='bbox 1788 3647 1899 3745; x_wconf 87' lang='lat' dir='ltr'><strong>naui,</strong></span> <span class='ocrx_word' id='word_1_202' title='bbox 1947 3648 2057 3734; x_wconf 88' lang='lat' dir='ltr'><strong>cuius</strong></span> <span class='ocrx_word' id='word_1_203' title='bbox 2094 3649 2134 3733; x_wconf 94' lang='lat' dir='ltr'><strong>in</strong></span> <span class='ocrx_word' id='word_1_204' title='bbox 2179 3677 2271 3733; x_wconf 90' lang='lat' dir='ltr'><strong>ana-</strong></span> 
     </span>
     <span class='ocr_line' id='line_1_22' title="bbox 467 3791 2270 3904; baseline 0.001 -29"><span class='ocrx_word' id='word_1_205' title='bbox 467 3791 614 3903; x_wconf 82' lang='lat' dir='ltr'><strong>glypho</strong></span> <span class='ocrx_word' id='word_1_206' title='bbox 652 3819 767 3904; x_wconf 90' lang='lat' dir='ltr'><strong>prora</strong></span> <span class='ocrx_word' id='word_1_207' title='bbox 807 3792 996 3892; x_wconf 87' lang='lat' dir='ltr'><strong>cernitur,</strong></span> <span class='ocrx_word' id='word_1_208' title='bbox 1034 3792 1243 3878; x_wconf 90' lang='lat' dir='ltr'><strong>Donrsalos</strong></span> <span class='ocrx_word' id='word_1_209' title='bbox 1282 3793 1408 3879; x_wconf 88' lang='lat' dir='ltr'><strong>docet.</strong></span> <span class='ocrx_word' id='word_1_210' title='bbox 1469 3794 1556 3879; x_wconf 88' lang='lat' dir='ltr'><strong>sed.</strong></span> <span class='ocrx_word' id='word_1_211' title='bbox 1579 3794 1628 3876; x_wconf 94' lang='lat' dir='ltr'><strong>de</strong></span> <span class='ocrx_word' id='word_1_212' title='bbox 1668 3791 1744 3877; x_wconf 85' lang='lat' dir='ltr'><strong>hac</strong></span> <span class='ocrx_word' id='word_1_213' title='bbox 1777 3792 1861 3903; x_wconf 89' lang='lat' dir='ltr'><strong>ipsa</strong></span> <span class='ocrx_word' id='word_1_214' title='bbox 1893 3793 1987 3903; x_wconf 92' lang='lat' dir='ltr'><strong>quid</strong></span> <span class='ocrx_word' id='word_1_215' title='bbox 2026 3794 2270 3879; x_wconf 82' lang='lat' dir='ltr'><strong>statuemusl</strong></span> 
     </span>
     <span class='ocr_line' id='line_1_23' title="bbox 467 3934 2271 4048; baseline 0.001 -28"><span class='ocrx_word' id='word_1_216' title='bbox 467 3937 606 4046; x_wconf 88' lang='lat' dir='ltr'><strong>reliqui</strong></span> <span class='ocrx_word' id='word_1_217' title='bbox 637 3936 871 4048; x_wconf 85' lang='lat' dir='ltr'><strong>interpretes</strong></span> <span class='ocrx_word' id='word_1_218' title='bbox 903 3944 1044 4038; x_wconf 88' lang='lat' dir='ltr'><strong>tacent,</strong></span> <span class='ocrx_word' id='word_1_219' title='bbox 1075 3937 1226 4045; x_wconf 81' lang='lat' dir='ltr'><strong>Sandys</strong></span> <span class='ocrx_word' id='word_1_220' title='bbox 1258 3966 1307 4020; x_wconf 87' lang='lat' dir='ltr'><strong>ex</strong></span> <span class='ocrx_word' id='word_1_221' title='bbox 1335 3965 1411 4022; x_wconf 89' lang='lat' dir='ltr'><strong>usu</strong></span> <span class='ocrx_word' id='word_1_222' title='bbox 1441 3935 1706 4022; x_wconf 88' lang='lat' dir='ltr'><strong>uetustissimo</strong></span> <span class='ocrx_word' id='word_1_223' title='bbox 1735 3934 1843 4021; x_wconf 88' lang='lat' dir='ltr'><strong>uocis</strong></span> <span class='ocrx_word' id='word_1_224' title='bbox 1871 3950 1975 4046; x_wconf 79' lang='grc' dir='ltr'><strong><em>ἱερός,</em></strong></span> <span class='ocrx_word' id='word_1_225' title='bbox 2010 3936 2120 4022; x_wconf 90' lang='lat' dir='ltr'><strong>cuius</strong></span> <span class='ocrx_word' id='word_1_226' title='bbox 2152 3963 2271 4046; x_wconf 90' lang='lat' dir='ltr'><strong>quae-</strong></span> 
     </span>
     <span class='ocr_line' id='line_1_24' title="bbox 469 4079 2316 4190; baseline 0.001 -26"><span class='ocrx_word' id='word_1_227' title='bbox 469 4082 561 4165; x_wconf 93' lang='lat' dir='ltr'><strong>dam</strong></span> <span class='ocrx_word' id='word_1_228' title='bbox 590 4082 695 4190; x_wconf 88' lang='lat' dir='ltr'><strong>apud</strong></span> <span class='ocrx_word' id='word_1_229' title='bbox 728 4081 948 4167; x_wconf 90' lang='lat' dir='ltr'><strong>Homerum</strong></span> <span class='ocrx_word' id='word_1_230' title='bbox 979 4089 1070 4166; x_wconf 88' lang='lat' dir='ltr'><strong>sunt</strong></span> <span class='ocrx_word' id='word_1_231' title='bbox 1100 4079 1280 4188; x_wconf 85' lang='lat' dir='ltr'><strong>uestigia,</strong></span> <span class='ocrx_word' id='word_1_232' title='bbox 1322 4080 1596 4190; x_wconf 87' lang='lat' dir='ltr'><strong>explicandum</strong></span> <span class='ocrx_word' id='word_1_233' title='bbox 1628 4088 1735 4164; x_wconf 91' lang='lat' dir='ltr'><strong>ratus</strong></span> <span class='ocrx_word' id='word_1_234' title='bbox 1774 4108 1853 4164; x_wconf 94' lang='lat' dir='ltr'><strong>non</strong></span> <span class='ocrx_word' id='word_1_235' title='bbox 1894 4107 2042 4166; x_wconf 87' lang='lat' dir='ltr'><strong>sacram</strong></span> <span class='ocrx_word' id='word_1_236' title='bbox 2083 4083 2154 4166; x_wconf 90' lang='lat' dir='ltr'><strong>sed</strong></span> <span class='ocrx_word' id='word_1_237' title='bbox 2188 4111 2271 4166; x_wconf 89' lang='lat' dir='ltr'><strong>ma·</strong></span> <span class='ocrx_word' id='word_1_238' title='bbox 2309 4133 2316 4148; x_wconf 90' lang='lat'><strong>·</strong></span> 
     </span>
     <span class='ocr_line' id='line_1_25' title="bbox 469 4222 2271 4334; baseline 0.001 -26"><span class='ocrx_word' id='word_1_239' title='bbox 469 4253 591 4334; x_wconf 84' lang='lat' dir='ltr'><strong>gnam</strong></span> <span class='ocrx_word' id='word_1_240' title='bbox 610 4253 756 4309; x_wconf 89' lang='lat' dir='ltr'><strong>nauem</strong></span> <span class='ocrx_word' id='word_1_241' title='bbox 787 4223 863 4309; x_wconf 91' lang='lat' dir='ltr'><strong>dioi</strong></span> <span class='ocrx_word' id='word_1_242' title='bbox 891 4224 1039 4309; x_wconf 89' lang='lat' dir='ltr'><strong>statuit.</strong></span> <span class='ocrx_word' id='word_1_243' title='bbox 1071 4233 1167 4318; x_wconf 89' lang='lat' dir='ltr'><strong>esto,</strong></span> <span class='ocrx_word' id='word_1_244' title='bbox 1200 4252 1268 4308; x_wconf 89' lang='lat' dir='ltr'><strong>eur</strong></span> <span class='ocrx_word' id='word_1_245' title='bbox 1298 4223 1401 4308; x_wconf 89' lang='lat' dir='ltr'><strong>enirn</strong></span> <span class='ocrx_word' id='word_1_246' title='bbox 1421 4222 1628 4310; x_wconf 88' lang='lat' dir='ltr'><strong>Donrselos</strong></span> <span class='ocrx_word' id='word_1_247' title='bbox 1659 4223 1879 4330; x_wconf 82' lang='lat' dir='ltr'><strong>negotiator</strong></span> <span class='ocrx_word' id='word_1_248' title='bbox 1910 4253 1988 4310; x_wconf 94' lang='lat' dir='ltr'><strong>non</strong></span> <span class='ocrx_word' id='word_1_249' title='bbox 2009 4224 2271 4310; x_wconf 89' lang='lat' dir='ltr'><strong>Alexandriae</strong></span> 
     </span>
     <span class='ocr_line' id='line_1_26' title="bbox 470 4366 2269 4479; baseline -0.002 -23"><span class='ocrx_word' id='word_1_250' title='bbox 470 4369 562 4456; x_wconf 92' lang='lat' dir='ltr'><strong>olim</strong></span> <span class='ocrx_word' id='word_1_251' title='bbox 592 4369 732 4455; x_wconf 87' lang='lat' dir='ltr'><strong>studiis</strong></span> <span class='ocrx_word' id='word_1_252' title='bbox 768 4367 978 4454; x_wconf 81' lang='lat' dir='ltr'><strong>homericis</strong></span> <span class='ocrx_word' id='word_1_253' title='bbox 1010 4367 1229 4452; x_wconf 81' lang='lat' dir='ltr'><strong>uacaueritl</strong></span> <span class='ocrx_word' id='word_1_254' title='bbox 1270 4370 1322 4451; x_wconf 90' lang='lat' dir='ltr'><strong>At</strong></span> <span class='ocrx_word' id='word_1_255' title='bbox 1356 4367 1389 4453; x_wconf 91' lang='lat' dir='ltr'><strong>is</strong></span> <span class='ocrx_word' id='word_1_256' title='bbox 1427 4396 1545 4476; x_wconf 89' lang='lat' dir='ltr'><strong>quern</strong></span> <span class='ocrx_word' id='word_1_257' title='bbox 1576 4366 1823 4479; x_wconf 83' lang='lat' dir='ltr'><strong>anaglyphon</strong></span> <span class='ocrx_word' id='word_1_258' title='bbox 1855 4396 1945 4452; x_wconf 91' lang='lat' dir='ltr'><strong>curn</strong></span> <span class='ocrx_word' id='word_1_259' title='bbox 1975 4367 2088 4456; x_wconf 91' lang='lat' dir='ltr'><strong>leone</strong></span> <span class='ocrx_word' id='word_1_260' title='bbox 2119 4368 2269 4454; x_wconf 89' lang='lat' dir='ltr'><strong>luctan-</strong></span> 
     </span>
     <span class='ocr_line' id='line_1_27' title="bbox 467 4509 2272 4624; baseline -0.002 -24"><span class='ocrx_word' id='word_1_261' title='bbox 467 4523 549 4600; x_wconf 89' lang='lat' dir='ltr'><strong>tem</strong></span> <span class='ocrx_word' id='word_1_262' title='bbox 578 4523 866 4624; x_wconf 82' lang='lat' dir='ltr'><strong>repraesentat,</strong></span> <span class='ocrx_word' id='word_1_263' title='bbox 910 4514 949 4598; x_wconf 93' lang='lat' dir='ltr'><strong>in</strong></span> <span class='ocrx_word' id='word_1_264' title='bbox 989 4510 1193 4598; x_wconf 88' lang='lat' dir='ltr'><strong>hominum</strong></span> <span class='ocrx_word' id='word_1_265' title='bbox 1233 4513 1406 4623; x_wconf 87' lang='lat' dir='ltr'><strong>profecto</strong></span> <span class='ocrx_word' id='word_1_266' title='bbox 1450 4539 1529 4597; x_wconf 94' lang='lat' dir='ltr'><strong>non</strong></span> <span class='ocrx_word' id='word_1_267' title='bbox 1568 4509 1641 4595; x_wconf 92' lang='lat' dir='ltr'><strong>erit</strong></span> <span class='ocrx_word' id='word_1_268' title='bbox 1687 4539 1862 4596; x_wconf 90' lang='lat' dir='ltr'><strong>numero.</strong></span> <span class='ocrx_word' id='word_1_269' title='bbox 1935 4512 2066 4624; x_wconf 87' lang='lat' dir='ltr'><strong>prodit</strong></span> <span class='ocrx_word' id='word_1_270' title='bbox 2097 4513 2201 4597; x_wconf 92' lang='lat' dir='ltr'><strong>euim</strong></span> <span class='ocrx_word' id='word_1_271' title='bbox 2232 4522 2272 4597; x_wconf 91' lang='lat' dir='ltr'><strong>et</strong></span> 
     </span>
     <span class='ocr_line' id='line_1_28' title="bbox 469 4653 2271 4764; baseline -0.001 -22"><span class='ocrx_word' id='word_1_272' title='bbox 469 4659 600 4742; x_wconf 91' lang='lat' dir='ltr'><strong>nudus</strong></span> <span class='ocrx_word' id='word_1_273' title='bbox 632 4665 683 4757; x_wconf 92' lang='lat' dir='ltr'><strong>et,</strong></span> <span class='ocrx_word' id='word_1_274' title='bbox 716 4666 760 4741; x_wconf 93' lang='lat' dir='ltr'><strong>ut</strong></span> <span class='ocrx_word' id='word_1_275' title='bbox 790 4657 995 4742; x_wconf 91' lang='lat' dir='ltr'><strong>minimum</strong></span> <span class='ocrx_word' id='word_1_276' title='bbox 1017 4653 1156 4758; x_wconf 90' lang='lat' dir='ltr'><strong>dicam,</strong></span> <span class='ocrx_word' id='word_1_277' title='bbox 1189 4657 1312 4741; x_wconf 91' lang='lat' dir='ltr'><strong>altero</strong></span> <span class='ocrx_word' id='word_1_278' title='bbox 1341 4664 1448 4741; x_wconf 89' lang='lat' dir='ltr'><strong>tanto</strong></span> <span class='ocrx_word' id='word_1_279' title='bbox 1480 4684 1596 4764; x_wconf 90' lang='lat' dir='ltr'><strong>quum</strong></span> <span class='ocrx_word' id='word_1_280' title='bbox 1626 4653 1746 4740; x_wconf 91' lang='lat' dir='ltr'><strong>homo</strong></span> <span class='ocrx_word' id='word_1_281' title='bbox 1777 4654 1898 4739; x_wconf 80' lang='lat' dir='ltr'><strong>maim</strong></span> <span class='ocrx_word' id='word_1_282' title='bbox 1911 4653 1938 4739; x_wconf 85' lang='lat'><strong>¹.</strong></span> <span class='ocrx_word' id='word_1_283' title='bbox 1984 4655 2117 4740; x_wconf 89' lang='lat' dir='ltr'><strong>Deum</strong></span> <span class='ocrx_word' id='word_1_284' title='bbox 2153 4655 2271 4764; x_wconf 74' lang='lat' dir='ltr'><strong>igitur</strong></span> 
     </span>
     <span class='ocr_line' id='line_1_29' title="bbox 469 4799 2271 4911; baseline -0.001 -26"><span class='ocrx_word' id='word_1_285' title='bbox 469 4809 537 4886; x_wconf 90' lang='lat' dir='ltr'><strong>aut</strong></span> <span class='ocrx_word' id='word_1_286' title='bbox 577 4800 739 4909; x_wconf 83' lang='lat' dir='ltr'><strong>genium</strong></span> <span class='ocrx_word' id='word_1_287' title='bbox 775 4800 886 4886; x_wconf 92' lang='lat' dir='ltr'><strong>illum</strong></span> <span class='ocrx_word' id='word_1_288' title='bbox 932 4828 1018 4886; x_wconf 90' lang='lat' dir='ltr'><strong>esse</strong></span> <span class='ocrx_word' id='word_1_289' title='bbox 1060 4801 1303 4911; x_wconf 89' lang='lat' dir='ltr'><strong>exploratum</strong></span> <span class='ocrx_word' id='word_1_290' title='bbox 1340 4807 1412 4886; x_wconf 89' lang='lat' dir='ltr'><strong>est.</strong></span> <span class='ocrx_word' id='word_1_291' title='bbox 1474 4800 1558 4904; x_wconf 77' lang='lat' dir='ltr'><strong>Qua</strong></span> <span class='ocrx_word' id='word_1_292' title='bbox 1597 4827 1639 4885; x_wconf 91' lang='lat' dir='ltr'><strong>re</strong></span> <span class='ocrx_word' id='word_1_293' title='bbox 1681 4801 1786 4909; x_wconf 91' lang='lat' dir='ltr'><strong>quod</strong></span> <span class='ocrx_word' id='word_1_294' title='bbox 1813 4799 2122 4910; x_wconf 88' lang='lat' dir='ltr'><strong>interpretaturis</strong></span> <span class='ocrx_word' id='word_1_295' title='bbox 2153 4799 2271 4909; x_wconf 83' lang='lat' dir='ltr'><strong>longe</strong></span> 
     </span>
     <span class='ocr_line' id='line_1_30' title="bbox 470 4939 2272 5057; baseline 0.001 -27"><span class='ocrx_word' id='word_1_296' title='bbox 470 4945 746 5054; x_wconf 80' lang='lat' dir='ltr'><strong>grauissimum</strong></span> <span class='ocrx_word' id='word_1_297' title='bbox 783 4955 861 5048; x_wconf 88' lang='lat' dir='ltr'><strong>est,</strong></span> <span class='ocrx_word' id='word_1_298' title='bbox 896 4946 1051 5057; x_wconf 88' lang='lat' dir='ltr'><strong>patefit,</strong></span> <span class='ocrx_word' id='word_1_299' title='bbox 1090 4946 1167 5029; x_wconf 85' lang='lat' dir='ltr'><strong>lata</strong></span> <span class='ocrx_word' id='word_1_300' title='bbox 1197 4943 1389 5054; x_wconf 85' lang='lat' dir='ltr'><strong>Antipatri</strong></span> <span class='ocrx_word' id='word_1_301' title='bbox 1419 4946 1467 5028; x_wconf 91' lang='lat' dir='ltr'><strong>ab</strong></span> <span class='ocrx_word' id='word_1_302' title='bbox 1500 4939 1598 5044; x_wconf 92' lang='lat' dir='ltr'><strong>hoc,</strong></span> <span class='ocrx_word' id='word_1_303' title='bbox 1645 4943 1677 5030; x_wconf 91' lang='lat' dir='ltr'><strong>si</strong></span> <span class='ocrx_word' id='word_1_304' title='bbox 1708 4945 1766 5030; x_wconf 86' lang='lat' dir='ltr'><strong>fas</strong></span> <span class='ocrx_word' id='word_1_305' title='bbox 1798 4951 1857 5029; x_wconf 89' lang='lat' dir='ltr'><strong>est</strong></span> <span class='ocrx_word' id='word_1_306' title='bbox 1889 4942 2033 5046; x_wconf 89' lang='lat' dir='ltr'><strong>dicere,</strong></span> <span class='ocrx_word' id='word_1_307' title='bbox 2071 4953 2186 5056; x_wconf 90' lang='lat' dir='ltr'><strong>poeta</strong></span> <span class='ocrx_word' id='word_1_308' title='bbox 2217 4943 2272 5031; x_wconf 86' lang='lat' dir='ltr'><strong>sic</strong></span> 
     </span>
     <span class='ocr_line' id='line_1_31' title="bbox 471 5085 2268 5204; baseline -0.001 -28"><span class='ocrx_word' id='word_1_309' title='bbox 471 5090 651 5202; x_wconf 85' lang='lat' dir='ltr'><strong>exprimi,</strong></span> <span class='ocrx_word' id='word_1_310' title='bbox 691 5099 734 5174; x_wconf 87' lang='lat' dir='ltr'><strong>ut</strong></span> <span class='ocrx_word' id='word_1_311' title='bbox 775 5091 977 5204; x_wconf 91' lang='lat' dir='ltr'><strong>opiniones</strong></span> <span class='ocrx_word' id='word_1_312' title='bbox 1024 5089 1227 5197; x_wconf 80' lang='lat' dir='ltr'><strong>religiosae</strong></span> <span class='ocrx_word' id='word_1_313' title='bbox 1260 5099 1299 5174; x_wconf 89' lang='lat' dir='ltr'><strong>et</strong></span> <span class='ocrx_word' id='word_1_314' title='bbox 1334 5088 1418 5199; x_wconf 88' lang='lat' dir='ltr'><strong>ipsa</strong></span> <span class='ocrx_word' id='word_1_315' title='bbox 1447 5090 1550 5173; x_wconf 85' lang='lat' dir='ltr'><strong>sacta</strong></span> <span class='ocrx_word' id='word_1_316' title='bbox 1580 5087 1696 5199; x_wconf 89' lang='lat' dir='ltr'><strong>paulo</strong></span> <span class='ocrx_word' id='word_1_317' title='bbox 1732 5085 1935 5173; x_wconf 88' lang='lat' dir='ltr'><strong>obscurius</strong></span> <span class='ocrx_word' id='word_1_318' title='bbox 1968 5089 2268 5174; x_wconf 82' lang='lat' dir='ltr'><strong>confunduntur.</strong></span> 
     </span>
     <span class='ocr_line' id='line_1_32' title="bbox 469 5231 2269 5346; baseline 0 -28"><span class='ocrx_word' id='word_1_319' title='bbox 469 5235 641 5346; x_wconf 82' lang='lat' dir='ltr'><strong>Poprdoe</strong></span> <span class='ocrx_word' id='word_1_320' title='bbox 673 5234 879 5322; x_wconf 88' lang='lat' dir='ltr'><strong>orientales</strong></span> <span class='ocrx_word' id='word_1_321' title='bbox 910 5243 1060 5322; x_wconf 89' lang='lat' dir='ltr'><strong>constat</strong></span> <span class='ocrx_word' id='word_1_322' title='bbox 1092 5244 1131 5320; x_wconf 87' lang='lat' dir='ltr'><strong>et</strong></span> <span class='ocrx_word' id='word_1_323' title='bbox 1170 5234 1264 5320; x_wconf 90' lang='lat' dir='ltr'><strong>olim</strong></span> <span class='ocrx_word' id='word_1_324' title='bbox 1307 5242 1345 5319; x_wconf 89' lang='lat' dir='ltr'><strong>et</strong></span> <span class='ocrx_word' id='word_1_325' title='bbox 1374 5259 1478 5316; x_wconf 91' lang='lat' dir='ltr'><strong>nunc</strong></span> <span class='ocrx_word' id='word_1_326' title='bbox 1517 5231 1570 5316; x_wconf 93' lang='lat' dir='ltr'><strong>nil</strong></span> <span class='ocrx_word' id='word_1_327' title='bbox 1600 5231 1725 5340; x_wconf 84' lang='lat' dir='ltr'><strong>magis</strong></span> <span class='ocrx_word' id='word_1_328' title='bbox 1757 5231 1871 5316; x_wconf 88' lang='lat' dir='ltr'><strong>anxie</strong></span> <span class='ocrx_word' id='word_1_329' title='bbox 1903 5259 2042 5316; x_wconf 89' lang='lat' dir='ltr'><strong>cauere</strong></span> <span class='ocrx_word' id='word_1_330' title='bbox 2076 5260 2193 5342; x_wconf 90' lang='lat' dir='ltr'><strong>quam</strong></span> <span class='ocrx_word' id='word_1_331' title='bbox 2226 5241 2269 5318; x_wconf 92' lang='lat' dir='ltr'><strong>ut</strong></span> 
     </span>
    </p>
   </div>
   <div class='ocr_carea' id='block_1_5' title="bbox 571 5451 1924 5538">
    <p class='ocr_par' dir='ltr' id='par_1_8' title="bbox 571 5451 1924 5538">
     <span class='ocr_line' id='line_1_33' title="bbox 571 5451 1924 5538; baseline -0.002 -18"><span class='ocrx_word' id='word_1_332' title='bbox 571 5455 604 5538; x_wconf 84' lang='lat'><strong>1)</strong></span> <span class='ocrx_word' id='word_1_333' title='bbox 624 5455 661 5521; x_wconf 90' lang='lat' dir='ltr'><strong>de</strong></span> <span class='ocrx_word' id='word_1_334' title='bbox 682 5456 774 5522; x_wconf 90' lang='lat' dir='ltr'><strong>modo</strong></span> <span class='ocrx_word' id='word_1_335' title='bbox 796 5457 827 5521; x_wconf 89' lang='lat' dir='ltr'><strong>et</strong></span> <span class='ocrx_word' id='word_1_336' title='bbox 847 5474 991 5522; x_wconf 88' lang='lat' dir='ltr'><strong>mensura</strong></span> <span class='ocrx_word' id='word_1_337' title='bbox 1013 5473 1176 5538; x_wconf 89' lang='lat' dir='ltr'><strong>corporum</strong></span> <span class='ocrx_word' id='word_1_338' title='bbox 1197 5453 1359 5520; x_wconf 85' lang='lat' dir='ltr'><strong>Michaelis</strong></span> <span class='ocrx_word' id='word_1_339' title='bbox 1381 5453 1441 5517; x_wconf 89' lang='lat' dir='ltr'><strong>mei</strong></span> <span class='ocrx_word' id='word_1_340' title='bbox 1465 5451 1566 5518; x_wconf 87' lang='lat' dir='ltr'><strong>officio</strong></span> <span class='ocrx_word' id='word_1_341' title='bbox 1589 5453 1702 5518; x_wconf 87' lang='lat' dir='ltr'><strong>certior</strong></span> <span class='ocrx_word' id='word_1_342' title='bbox 1722 5471 1792 5517; x_wconf 88' lang='lat' dir='ltr'><strong>sum</strong></span> <span class='ocrx_word' id='word_1_343' title='bbox 1814 5451 1924 5518; x_wconf 86' lang='lat' dir='ltr'><strong>factus.</strong></span> 
     </span>
    </p>
   </div>
   <div class='ocr_carea' id='block_1_6' title="bbox 0 0 2578 6388">
    <p class='ocr_par' dir='ltr' id='par_1_9' title="bbox 0 0 2578 6388">
     <span class='ocr_line' id='line_1_34' title="bbox 0 0 2578 6388; baseline 0 0"><span class='ocrx_word' id='word_1_344' title='bbox 0 0 2578 6388; x_wconf 95' lang='lat' dir='ltr'><strong> </strong></span> 
     </span>
    </p>
   </div>
  </div>
 </body>
</html>
