5124 6398
1195 747 1249 836 27

322 995 429 1078 moes
461 1001 500 1077 et
529 1019 597 1078 eos
628 1017 796 1102 quorum
827 991 883 1076 illi
914 991 1150 1102 exemplaria
1189 993 1474 1101 sequebantur,
1517 993 1559 1076 id
1596 993 1726 1104 ipsum
1757 994 1928 1080 officium
1963 997 2122 1084 Herculi

319 1137 520 1238 tribuisse,
564 1147 609 1223 ut
646 1137 801 1222 leonem
848 1135 1138 1248 compesceretl
1188 1137 1353 1247 temperi
1394 1137 1556 1222 offertur
1599 1165 1785 1223 nummus
1828 1149 2039 1246 argenteus
2082 1151 2122 1227 et

317 1281 401 1393 ipse
432 1279 662 1392 phoenicius
698 1275 793 1388 (tab.
824 1310 862 1366 n.
901 1279 958 1390 6),
1001 1281 1041 1365 in
1075 1279 1184 1366 cuius
1214 1280 1341 1365 antica
1371 1279 1563 1365 Hercules
1591 1291 1720 1389 coryto
1751 1308 1853 1392 pone
1886 1294 1996 1370 nates
2026 1312 2120 1370 oon·

186 1421 190 1430 ’
320 1427 456 1538 spicno
487 1427 643 1512 sinistra
682 1437 887 1535 praet-ensa
927 1425 1083 1510 leonem
1124 1427 1174 1510 de
1212 1427 1336 1510 cauda
1377 1453 1611 1536 suspensum
1656 1437 1782 1526 tenet,
1822 1429 1959 1513 dextra
1991 1430 2120 1515 leuata

318 1573 472 1656 clauum
500 1571 615 1655 iactat
645 1569 800 1656 leonem
830 1596 1109 1678 percussurus:
1141 1569 1203 1656 cui
1233 1581 1323 1682 typo
1352 1570 1496 1655 mirum
1525 1579 1715 1680 qnantum
1746 1571 1882 1657 similis
1910 1583 1970 1659 est
1991 1602 2119 1660 scara·

318 1715 407 1800 baei
449 1713 661 1800 uoloentini
701 1714 898 1825 sculptura
911 1711 938 1799 ¹.
1015 1717 1226 1799 Tarsenses
1266 1743 1357 1799 cum
1395 1715 1609 1800 Herculem
1647 1743 1737 1802 cum
1777 1717 1890 1802 leone
1929 1745 2118 1805 nemeaeo

315 1861 529 1946 luctantem
560 1854 889 1960 substituerent2,
933 1858 1026 1943 satis
1056 1867 1189 1968 aperte
1221 1857 1488 1966 significarunt
1519 1885 1596 1966 quo
1626 1860 1746 1944 modo
1777 1860 1882 1944 cerui
1910 1862 1976 1946 uel
2004 1861 2119 1947 bouis

316 2033 339 2090 a
369 2005 482 2089 leone
515 2003 649 2088 laniati
682 2011 815 2088 notam
842 2003 1017 2110 intellegi
1034 2003 1093 2086 ¹ec
1124 2001 1299 2114 suppleri
1327 2001 1486 2086 uellent.
1549 2002 1628 2088 Sed
1658 2001 1864 2111 Babylonii
1901 2015 1940 2088 et
1959 2005 2118 2113 Assyrii,

317 2150 422 2234 unde
452 2147 625 2232 uidimus
656 2175 742 2232 eam
772 2147 984 2256 imaginem
1020 2148 1071 2232 ad
1100 2146 1319 2233 Phoenices
1358 2157 1397 2232 et
1437 2147 1697 2232 occidentales
1728 2149 1894 2259 populos
1925 2177 2118 2250 manasse,

316 2291 411 2376 illud
449 2317 603 2400 quoque
634 2291 881 2402 praeiuerant
925 2299 969 2374 ut
1013 2292 1132 2375 deum
1172 2291 1370 2376 uindicem
1400 2290 1505 2378 leoni
1541 2291 1807 2378 immitterent.
1877 2321 1957 2380 uon
1993 2322 2117 2404 pauca

314 2435 391 2521 iam
423 2434 657 2545 Radulphus
694 2433 954 2520 Rochettius³
987 2435 1206 2545 composuit
1240 2445 1495 2521 monumenta
1527 2437 1678 2521 minora
1707 2437 1921 2539 orientalia,
1959 2437 1999 2522 in
2032 2439 2118 2548 qui·

314 2581 389 2667 bns
424 2583 524 2666 deus
556 2579 715 2689 quidam
748 2579 832 2665 siue
869 2579 994 2664 alatus
1025 2579 1108 2664 siue
1138 2580 1287 2666 radiata
1317 2608 1460 2667 corona
1488 2580 1655 2689 insignis
1687 2583 1786 2666 duos
1814 2579 1949 2667 leones
1982 2583 2116 2668 caudis

316 2753 526 2836 snspensas
555 2733 664 2810 tenet
693 2732 760 2810 aut
789 2709 951 2809 leonem
976 2731 1151 2810 erectum
1190 2725 1369 2810 lancibus
1407 2724 1648 2836 praestrictis
1693 2725 1825 2832 gladio
1856 2753 2116 2835 percussurus

314 2880 386 2956 est.
453 2877 623 2980 praestat
670 2867 790 2975 igitur
839 2867 1072 2978 paucissima
1122 2871 1172 2954 de
1221 2869 1278 2954 eis
1326 2868 1519 2970 delibare,
1573 2895 1673 2978 quae
1724 2867 1887 2976 bayardi
1943 2867 2114 2954 maxims

314 3013 453 3101 merito
496 3015 688 3098 debemus
730 3041 778 3097 ex
809 3012 900 3098 Nini
929 3011 1012 3098 solo
1048 3023 1205 3099 uetusto
1240 3022 1446 3125 protracta.
1519 3013 1561 3099 in
1604 3013 1804 3125 superiore
1845 3023 1953 3124 parte
1992 3013 2115 3102 uestis

314 3153 477 3266 regiae4
519 3160 752 3244 daemonem
783 3155 1045 3266 conspicimus
1074 3157 1281 3242 barbatum
1312 3167 1520 3246 cornutum
1551 3168 1731 3267 quattuor
1761 3157 1832 3244 alis
1863 3157 2111 3260 instructum,

315 3305 380 3412 qui
409 3311 574 3411 utraque
611 3329 743 3404 manu,
792 3302 928 3386 dextra
957 3299 1130 3402 leaenae,
1171 3300 1327 3386 sinistra
1362 3300 1485 3387 leonis
1515 3302 1660 3412 pedem
1691 3299 1948 3411 posteriorem
1978 3309 2113 3404 tenet;

312 3457 478 3558 utraque
518 3449 602 3532 iera
641 3444 918 3533 obuenientem
958 3447 1105 3531 bouem
1147 3447 1249 3556 pede
1290 3445 1483 3530 anteriore
1513 3444 1753 3556 prehensum
1783 3444 1928 3530 laniare
1962 3444 2113 3555 coepit:

315 3590 413 3677 haee
444 3591 518 3676 etsi
549 3598 709 3701 apparet
744 3599 788 3676 ut
818 3589 858 3673 in
888 3597 1116 3676 ornamento
1146 3589 1269 3674 uestis
1299 3587 1429 3699 paullo
1458 3587 1620 3674 liberius
1640 3599 1803 3674 tractata
1835 3617 1935 3692 esse,
1973 3615 2113 3676 neces·

314 3738 414 3823 sario
446 3747 578 3822 tamen
609 3736 665 3821 sio
698 3743 935 3837 statuemus,
968 3736 1117 3819 fontem
1147 3731 1232 3816 eius
1262 3739 1420 3816 omatus
1449 3728 1670 3841 anaglypha
1702 3731 1848 3826 fuisse,
1897 3731 2111 3840 inquibus

313 3881 425 3967 scbto
456 3881 509 3966 illi
540 3879 664 3966 leonis
694 3879 735 3964 in
765 3880 910 3964 bouem
930 3877 1084 3963 conatui
1115 3877 1282 3960 daemon
1311 3873 1487 3960 salutifer
1517 3874 1782 3960 interueniret.
1831 3885 1964 3962 nostro
1992 3874 2113 3983 igitur

317 4086 394 4094 —.-

314 4164 482 4248 cademque
513 4182 710 4230 nummorum
741 4165 828 4245 parte
853 4162 909 4228 illa
931 4180 1042 4228 scaena
1068 4161 1193 4245 integra
1211 4160 1379 4244 posteriore
1405 4161 1543 4242 temporo
1569 4176 1630 4224 uon
1651 4175 1723 4224 raro
1744 4159 1975 4239 repraesentata
1998 4159 2045 4223 est
2068 4158 2108 4224 cl.

314 4272 427 4338 llckhel
451 4272 550 4338 doctr.
571 4291 656 4337 num.
678 4274 740 4338 net.
756 4271 789 4337 ΙΙ
811 4291 840 4354 p.
852 4273 912 4336 241
937 4289 1015 4336 mus.
1039 4271 1174 4336 Hnnteri
1196 4273 1220 4334 t.
1237 4271 1289 4348 20,
1311 4268 1428 4333 XXIV.

414 4384 445 4462 1)
466 4383 613 4464 inprotrte
634 4379 706 4448 delt'
726 4382 799 4446 inst.
824 4382 902 4446 cont.
926 4381 992 4444 In.
1014 4381 1053 4446 16
1077 4378 1356 4456 ltaoul-Rcobette,
1378 4375 1512 4442 arctici.
1534 4395 1628 4458 comp.
1652 4378 1675 4441 t.
1688 4376 1748 4442 119
1770 4375 1809 4442 ct.
1834 4393 1863 4458 p.
1881 4377 1997 4460 109sq.

411 4491 444 4572 2)
468 4491 505 4555 de
525 4490 655 4574 Luynes,
678 4510 762 4555 num.
785 4490 840 4556 dec
859 4495 936 4554 ectr.
958 4491 982 4553 t.
995 4488 1051 4568 XI,
1077 4487 1182 4566 Tarae,
1206 4493 1311 4552 auton.
1333 4507 1381 4568 yr.
1404 4484 1600 4566 (inscribitur
1620 4483 1879 4566 ΤΕΡξΙκοΝ),
1909 4485 1948 4550 et.
1967 4504 1996 4568 p.
2010 4487 2049 4550 61
2063 4505 2110 4570 sq.

311 4601 598 4794 andtllnolaetil
623 4729 720 4792 comp.
741 4707 1051 4774 tv13.5.6.9.1o
1073 4703 1200 4788 (qubus
1222 4703 1392 4770 necessario
1414 4721 1450 4768 aa
1473 4703 1704 4784 comparantur,
1727 4699 1779 4766 ubi
1801 4699 1933 4766 dacumn
1953 4701 2007 4767 ille
2026 4701 2110 4768 iuter

309 4823 387 4889 duas
408 4822 489 4888 laras
512 4819 631 4886 medius
653 4819 740 4884 stans
762 4817 829 4884 sius
850 4815 1012 4899 perdomat
1034 4815 1106 4880 illos
1127 4813 1193 4879 siue
1213 4812 1435 4880 mansuefacit:
1455 4811 1557 4876 leones
1579 4809 1622 4874 ib.
1642 4809 1690 4888 14,
1713 4809 1848 4892 gryphes
1868 4808 1909 4874 ib.
1923 4811 1971 4874 16.
1995 4811 2056 4876 Vll
2069 4812 2107 4878 11

312 4931 351 4996 14
362 4933 440 5014 sq.);
468 4930 589 4994 leonem
607 4928 744 4992 erectum
765 4926 891 5009 iugulat
911 4927 935 4990 t.
947 4923 1010 4990 Vll
1027 4926 1054 4988 1.
1068 4925 1098 4988 5.
1110 4925 1139 4988 6.
1163 4921 1201 4988 cl.
1224 4921 1306 4987 idem
1329 4939 1359 5004 p.
1373 4921 1433 4985 113
1442 4938 1510 5002 sqq.
1556 4916 1718 4984 Nonnulla
1739 4917 1871 4998 protulit
1892 4917 2007 5003 bajart
2029 4918 2110 4988 culte

309 5040 348 5106 de
374 5037 662 5104 76113112-4.
706 5035 814 5100 Addas
840 5033 1016 5119 cylindrum
1038 5031 1205 5098 eburneum
1229 5031 1436 5106 caeretanum,
1470 5046 1532 5112 quo
1553 5028 1693 5092 etruscae
1719 5025 1797 5092 artis
1819 5045 1889 5092 cum
1914 5028 2033 5112 assyria
2055 5047 2109 5093 na-

310 5146 463 5215 csssitudo
486 5146 610 5230 egregia
629 5143 809 5210 illustratur
834 5144 926 5224 (mus.
949 5143 1005 5208 ctr.
1026 5159 1148 5224 gregor.
1170 5139 1202 5206 Π
1224 5141 1248 5204 t.
1260 5138 1331 5204 CVI
1346 5140 1376 5204 9.
1393 5133 1465 5220 10):
1505 5134 1554 5202 uir
1574 5135 1735 5199 tunicatus
1756 5133 1833 5200 duos
1855 5135 1958 5202 leones
1980 5137 2107 5217 erectos,

310 5257 364 5342 qui
385 5255 477 5340 pedes
497 5254 583 5322 illius
606 5255 722 5320 umeris
743 5253 920 5337 imponunt,
944 5250 1159 5318 mansuefacit.

408 5361 444 5446 4)
464 5361 598 5446 Inyard,
618 5379 751 5428 monum
773 5361 828 5428 lt.
842 5362 871 5426 9.
897 5360 1017 5428 Similis
1033 5359 1280 5426 astEbraeorum
1301 5355 1409 5424 tabula
1432 5353 1469 5420 dc
1481 5352 1610 5420 Daniele
1627 5351 1710 5418 Sam.
1731 5351 1747 5416 l
1772 5351 1820 5430 17,
1843 5351 1883 5416 34
1906 5371 1960 5436 sq,
1984 5371 2107 5435 reprae-

306 5475 429 5542 sentata
451 5472 484 5537 in
506 5471 628 5536 musiuo
651 5471 817 5538 coloniensi
839 5471 888 5552 (ll.
910 5469 1009 5536 aus'm
1031 5469 1169 5549 Waertb,
1189 5467 1245 5534 der
1267 5463 1486 5534 mosaibboden
1503 5463 1539 5528 in
1557 5481 1583 5526 s.
1607 5459 1738 5527 Geron.
1759 5480 1787 5524 z.
1812 5457 1890 5526 coos
1910 5461 1934 5524 t.
1956 5459 1989 5526 11
2010 5462 2053 5541 9).
