5124 6398
1178 680 1234 766 25

310 940 394 1017 tum
426 933 587 1016 demum
618 937 701 1016 arte
731 937 884 1015 matura
913 928 991 1014 ium
1021 958 1067 1016 ac
1091 929 1206 1040 plane
1226 929 1398 1042 perfectu
1423 927 1520 1012 illud
1540 925 1783 1038 symplegma
1803 929 2107 1036 elegantissime,
2244 1016 2251 1027 ,

305 1083 350 1161 61
381 1101 542 1160 ceruum
573 1074 649 1160 ium
688 1073 765 1160 ium
808 1081 1054 1160 corruentem
1096 1075 1170 1159 sub
1200 1075 1376 1184 pondere
1414 1073 1538 1159 leonis
1577 1081 1616 1157 et
1647 1073 1826 1159 dolomm
1864 1073 2000 1160 uidere
2036 1074 2107 1160 tibi

305 1219 475 1306 uidearis
507 1213 601 1326 (tab.
630 1245 669 1302 n.
702 1215 768 1327 8),
813 1217 1032 1328 exprimere
1068 1227 1283 1328 eoepemmt
1312 1217 1449 1302 addito
1478 1217 1518 1302 in
1550 1217 1676 1302 antica
1705 1217 1906 1303 Mineruae
1941 1218 2065 1330 capite
2078 1219 2105 1304 ¹.

304 1391 432 1473 neque
469 1373 600 1448 lamen
630 1363 786 1449 leonem
817 1361 1082 1471 gradientem,
1126 1388 1256 1470 neque
1298 1371 1527 1448 uescentem
1570 1361 1697 1472 capite
1736 1361 1867 1448 arietis
1903 1363 1986 1448 siue
2017 1389 2107 1450 ossa

304 1511 549 1616 frangentem
591 1535 721 1616 neque
774 1515 981 1617 protomen
1031 1508 1203 1594 nummis
1247 1507 1531 1594 recentioribus
1580 1533 1659 1592 non
1706 1505 2010 1610 adhibuerimt2,
2061 1517 2107 1594 ut

304 1650 566 1740 Massilienses
596 1652 679 1737 iere
711 1651 925 1760 gradientis
955 1650 1080 1737 leonis
1110 1660 1201 1764 typo
1233 1647 1505 1760 acquieuerei.
1581 1651 1666 1736 lam
1704 1678 1801 1737 uero
1833 1651 2033 1738 Velienses
2060 1679 2123 1754 ac

303 1796 565 1884 Massilienses
585 1795 768 1882 Phocaea
798 1794 931 1882 relicta
959 1824 1039 1880 una
1068 1824 1158 1882 cum
1188 1788 1456 1906 ponderibus4
1487 1794 1604 1880 etiam
1625 1795 1738 1903 sigua
1755 1823 2005 1880 nummorum
2036 1824 2106 1906 par

304 1952 363 2028 est
400 1969 448 2028 ex
489 1941 614 2052 putria
650 1941 815 2052 repetita
851 1949 1007 2026 secutos
1049 1967 1145 2026 csse.
1206 1941 1312 2048 atqui
1341 1936 1653 2026 Phocaeensium
1690 1949 1849 2026 moneta
1895 1943 2104 2026 Persarum

301 2087 465 2200 imperio
496 2086 697 2186 uetustior,
732 2094 922 2194 quatenus
943 2112 989 2169 ea
1010 2083 1169 2193 quidem
1188 2093 1348 2196 propter
1366 2083 1479 2169 uituli
1500 2085 1637 2170 marini
1657 2093 1791 2170 notam
1811 2087 2103 2196 superadditum

305 2231 379 2316 illis
410 2228 503 2316 satis
532 2239 618 2315 tuto
648 2228 817 2315 adscribi
847 2236 987 2340 potest,
1019 2228 1060 2312 in
1089 2229 1260 2315 nummis
1289 2229 1450 2316 minoris
1470 2229 1621 2314 moduli
1649 2237 1688 2314 et
1716 2229 1801 2341 ipsa
1829 2227 1953 2316 leonis
1987 2237 2104 2342 capnt

300 2377 365 2460 uel
408 2375 525 2460 etiam
568 2375 765 2460 uescentis
812 2384 1018 2485 protomen
1064 2400 1156 2484 prae
1208 2400 1250 2458 se
1294 2373 1403 2457 ferte.
1476 2373 1575 2482 Lydi
1615 2403 1638 2458 a
1678 2372 1818 2479 quibus
1860 2375 1909 2458 M.
1947 2371 2103 2458 Curtius

300 2531 479 2606 monetae
511 2519 702 2626 originem
731 2519 883 2630 repetit,
916 2528 1114 2628 protomus
1142 2515 1265 2602 leonis
1298 2525 1337 2600 et
1366 2517 1480 2603 bouis
1503 2517 1586 2603 siue
1607 2519 1793 2604 aduersas
1814 2517 1897 2604 siue
1926 2517 2102 2604 diuersas

301 2642 530 2775 expressere
561 2664 797 2763 coniunctas,
826 2673 871 2746 ut
899 2662 1012 2748 uides
1042 2662 1083 2746 in
1113 2688 1275 2747 nummo
1304 2688 1424 2746 aureo
1461 2662 1512 2746 ad
1533 2659 1668 2748 Croesi
1697 2669 1865 2746 aetutem
1895 2661 2102 2746 referendo

305 2835 421 2918 quem
452 2805 584 2894 tabula
613 2815 746 2894 nostru
775 2835 814 2891 n.
851 2805 873 2894 t
907 2804 1069 2892 exhibet
1080 2816 1109 2890 6.
1172 2833 1288 2915 quem
1319 2815 1454 2918 typum
1475 2805 1569 2916 qnid
1598 2833 1734 2893 censes
1766 2806 1873 2892 alud
1910 2833 1997 2892 esse
2027 2805 2101 2892 nisi

300 2952 543 3062 symplegma
570 2951 694 3038 leonis
725 2961 765 3037 et
795 2951 909 3037 bouis
950 2978 1021 3062 pro
1052 2951 1276 3036 rudiusculu
1311 2950 1412 3038 illius
1450 2951 1585 3038 aetatis
1615 2957 1698 3036 arte
1728 2950 1942 3038 indicatum
1972 2950 2101 3062 potius

300 3125 416 3208 quam
465 3096 720 3207 expressuml
767 3096 911 3182 Contra
953 3096 987 3182 si
1023 3094 1298 3182 Phocaeenses
1333 3093 1479 3205 primos
1531 3095 1644 3202 signa
1685 3094 1856 3180 nummis
1897 3095 2099 3205 imponere

299 3240 473 3351 coepisse
504 3241 774 3326 Mommsenus
805 3239 1114 3350 Brundisiusque
1144 3247 1251 3324 recte
1282 3249 1511 3339 statuerumt,
1542 3239 1738 3348 aliquanto
1769 3239 1919 3325 lucilius
1946 3239 2099 3325 intelle·

298 3391 437 3490 goim,
477 3381 542 3490 qui
573 3383 720 3466 facum
751 3381 875 3468 silut
911 3391 992 3468 tam
1023 3384 1249 3492 frequentes
1278 3393 1410 3470 essent
1441 3383 1482 3466 in
1511 3384 1682 3469 nummis
1712 3384 1827 3470 Asiae
1859 3383 2028 3468 maxime
2060 3391 2100 3470 et

297 3665 409 3732 Fricdl.
434 3668 465 3732 el
487 3685 516 3732 v.
540 3665 648 3746 Sallet,
676 3667 706 3732 d.
729 3667 799 3732 1666.
821 3665 985 3731 66066166.
1008 3667 1031 3730 1.
1046 3665 1126 3730 VIII
1147 3666 1208 3730 487
1239 3663 1271 3728 Α
1289 3665 1454 3748 cotolopue
1477 3665 1514 3746 of
1536 3665 1586 3730 tlrc
1615 3665 1707 3748 preelc
1734 3666 1820 3730 ocios
1847 3666 1883 3729 r'n
1910 3665 1960 3732 tte
1987 3667 2099 3734 6611161

296 3797 444 3855 museum,
468 3775 555 3859 Italy
578 3796 608 3859 p.
624 3778 686 3841 304
709 3777 747 3841 61.
769 3776 942 3842 Mommsen
963 3776 984 3840 l.
1009 3795 1032 3840 s.

400 3887 431 3963 1)
454 3884 905 3951 (1666111110311167-76
935 3885 1109 3965 (sinistram
1137 3899 1245 3947 uersus
1271 3883 1387 3948 bestiae
1409 3882 1722 3948 66116666166668.
1746 3883 1796 3947 69.
1821 3883 1882 3962 75),
1917 3883 1955 3948 dc
1976 3883 2098 3968 Luyues

295 3992 386 4059 cltor'c
409 3994 448 4059 dc
469 3993 631 4060 medolllee
651 4013 798 4076 prccquee
818 3995 842 4058 t.
858 3993 907 4058 III
932 3993 1072 4067 13-17;
1105 3991 1144 4056 61.
1168 3991 1205 4057 de
1223 3991 1325 4056 Witte
1346 4011 1409 4058 rec.
1431 3993 1576 4058 numism.
1601 3993 1682 4056 1838
1704 4011 1734 4074 p.
1750 3993 1826 4074 8sq.
1873 3993 1967 4058 Hunc
1986 3993 2096 4078 typum

295 4103 434 4185 Augusti
455 4103 559 4168 aetate
580 4102 624 4166 M.
651 4102 801 4167 Durmius
821 4101 870 4166 III
890 4102 995 4166 uirum
1019 4103 1133 4166 monet.
1155 4101 1298 4164 imitatus
1320 4102 1376 4176 est,
1399 4101 1438 4166 61.
1454 4101 1494 4165 Η.
1514 4098 1626 4178 Cohen,
1648 4101 1746 4166 deser.
1767 4101 1837 4184 pen.
1860 4102 1915 4168 dee
1935 4103 2097 4170 monuoies

297 4209 335 4274 dc
358 4209 391 4278 lu
415 4209 597 4292 republicae
616 4211 757 4275 rornuine
778 4211 802 4274 1.
817 4209 911 4276 XVII
933 4209 1072 4275 Dormio
1086 4211 1117 4274 6.

395 4321 428 4400 2)
452 4319 550 4384 leonis
576 4318 770 4383 dextrorsum
798 4317 970 4402 gredientia
998 4317 1168 4400 specimina
1191 4315 1342 4384 Cerellios
1372 4318 1495 4384 exhibet
1516 4319 1580 4384 tab.
1597 4317 1776 4384 CXXXVII
1793 4321 1926 4384 17-19.
1960 4321 2096 4388 22-27.

296 4425 493 4493 CXXXVIII
508 4428 642 4492 28-41.
666 4424 830 4492 CXXXIX
846 4426 1043 4490 4345-49.
1062 4425 1143 4491 CXL
1158 4426 1208 4504 53,
1237 4425 1450 4490 sinistrorsnm
1474 4426 1555 4490 uersi
1576 4426 1677 4492 multo
1699 4427 1847 4508 pauciora
1869 4447 1900 4492 n.
1916 4429 1966 4492 20.
1980 4429 2094 4494 2142.

293 4537 344 4600 44.
360 4535 501 4610 64-66;
528 4535 682 4601 noscentis
703 4535 780 4600 haec
800 4537 824 4598 1.
841 4533 921 4599 CXL
932 4535 973 4598 54
984 4553 1029 4616 sq.
1052 4535 1093 4598 58
1104 4553 1149 4618 sq.
1172 4533 1254 4616 (cap.
1269 4532 1390 4618 arietis)
1408 4536 1448 4600 56
1469 4534 1557 4615 linc.)
1579 4537 1714 4601 50-52.
1737 4535 1788 4600 57.
1809 4537 1850 4600 60
1859 4554 1905 4620 sq.
1928 4535 2031 4620 (osse),
2054 4539 2094 4606 cf.

294 4663 323 4710 n.
335 4644 376 4708 62
387 4663 433 4728 sq.
457 4645 598 4726 protoms
616 4643 649 4708 in
667 4642 764 4710 aereis
788 4642 869 4707 redit
891 4641 929 4708 61.
950 4640 1060 4708 Curell.
1073 4641 1203 4708 CXIIII
1213 4643 1253 4707 87
1270 4644 1330 4708 cat.
1347 4661 1466 4708 numm.
1483 4642 2093 4728 6611661166166666.6611.6611,6.316.

393 4755 427 4835 3)
449 4752 589 4819 Mionuet
612 4774 672 4818 rec.
694 4755 718 4817 1.
737 4751 841 4817 LXIII
860 4753 880 4816 2
907 4772 985 4818 mus.
1009 4751 1144 4816 Hunteri
1165 4753 1188 4815 1.
1207 4752 1258 4831 36,
1278 4751 1294 4816 Ι
1312 4769 1380 4834 sqq.
1403 4771 1466 4816 rev.
1487 4772 1571 4816 num.
1593 4753 1672 4817 1861
1693 4753 1717 4816 t.
1731 4752 1824 4817 XVII
1842 4752 1883 4818 al.
1912 4753 1951 4818 61.
1973 4753 2092 4822 Mionn.

294 4863 390 4929 duur.
414 4861 429 4926 l
450 4881 479 4945 p.
496 4863 610 4947 disqq.
631 4862 735 4944 suppl.
758 4861 773 4926 l
796 4881 825 4944 p.
840 4863 899 4926 133
910 4880 977 4945 sqq.
1000 4861 1174 4926 Mommsen
1195 4860 1216 4924 l.
1229 4879 1252 4925 s.
1267 4879 1297 4942 p.
1311 4861 1371 4925 397
1380 4879 1425 4944 sq.
1451 4861 1569 4927 Bouem
1588 4862 1788 4944 cornupetum
1812 4861 1895 4946 quod
1917 4863 2015 4928 eidem
2036 4863 2093 4930 sd-

294 4967 445 5034 miscruut
467 4971 558 5044 (mus.
572 4968 672 5032 Hunt.
684 4969 733 5044 36,
750 4967 890 5052 31166),
912 4969 969 5033 sub
990 4969 1072 5034 hauc
1095 4969 1306 5050 quaestionem
1330 4986 1392 5034 non
1416 4969 1510 5036 cadit.

395 5078 429 5155 4)
452 5075 490 5142 61.
512 5075 687 5143 Mommsen
706 5096 735 5159 p.
750 5079 865 5160 liusq.
888 5076 1021 5142 Brendis
1044 5095 1072 5158 p.
1091 5078 1159 5142 109.
1178 5077 1251 5142 329.

391 5185 424 5267 5)
449 5185 519 5251 uide
540 5185 675 5251 indicem
696 5185 857 5252 Brendisii
879 5205 908 5269 p.
923 5187 985 5251 396
996 5204 1043 5268 sq.

391 5295 424 5376 6)
445 5313 476 5360 u.
498 5294 564 5360 ind.
586 5295 746 5362 Brundisii
768 5315 798 5378 p.
818 5295 880 5360 386
891 5315 937 5378 sq.
971 5295 1035 5361 alia
1057 5295 1226 5377 specimina
1248 5295 1411 5364 ediderrmt
1432 5297 1576 5364 Mionuet
1594 5317 1654 5365 rec.
1678 5298 1701 5362 t.
1712 5296 1882 5363 XXXVII
1913 5299 1952 5364 D.
1975 5297 2091 5364 Sutiui

289 5405 419 5472 doute.
442 5403 528 5488 cepti
544 5405 655 5470 6161611
674 5405 793 5472 antichi
817 5405 1040 5470 11313-17
1063 5403 1177 5487 Istjard
1196 5403 1277 5470 66116
1294 5404 1333 5470 dc
1359 5404 1464 5470 Virtus
1485 5406 1507 5470 t.
1521 5404 1632 5470 XVIII
1648 5407 1676 5470 7.

1771 5517 1788 5567 4
