5124 6398
1193 803 1249 890 35

321 1028 417 1100 οὖτεῖ
438 1036 479 1104 ad
501 1035 740 1103 similitudinem
761 1037 859 1104 dorici
880 1041 992 1103 τουτεῖ
1014 1039 1045 1103 et
1067 1027 1160 1104 αὕτεῖ
1182 1039 1265 1106 male
1287 1039 1406 1106 dietum
1434 1039 1558 1106 uidetur
1658 1042 1677 1104 5
1704 1037 1828 1126 φιλέων
1855 1042 2016 1108 molestius
2044 1042 2125 1110 dixit

318 1137 407 1228 ‘quos
428 1163 483 1227 pro
504 1164 573 1212 mee
595 1164 669 1230 erge
692 1166 744 1212 ees
766 1165 871 1213 amore
891 1148 1024 1212 maxime
1046 1139 1200 1213 uolebam'
1301 1151 1320 1214 6
1342 1147 1380 1213 δὲ
1401 1143 1511 1214 λιπών
1532 1147 1803 1214 Wachsmuthius:
1835 1145 1871 1212 δὲ
1899 1144 1998 1214 trade
2019 1153 2124 1217 seruat

317 1251 506 1320 Ienormant
527 1257 689 1337 amquam
716 1256 866 1322 barbarus
888 1255 928 1322 ad
950 1257 1047 1338 σῶμα
1066 1255 1239 1323 rettulisset
1281 1257 1309 1323 δ’
1335 1253 1452 1322 ἔλιπον
1472 1257 1602 1322 Kelndd.

417 1368 616 1454 Audacter
636 1397 729 1456 sane
761 1371 908 1455 factum
938 1399 961 1454 a
991 1371 1077 1456 uirc
1105 1373 1210 1456 benc
1231 1372 1406 1476 Sidonia,
1440 1375 1546 1483 qued
1576 1372 1642 1480 qui
1673 1371 1781 1481 loqui
1812 1399 1953 1480 graece
1985 1403 2123 1486 parum

317 1513 456 1614 sanet,
509 1541 649 1600 uersus
680 1541 853 1625 pangere
897 1541 1061 1624 graecae
1101 1515 1245 1618 uoluit3
1296 1544 1425 1626 neque
1468 1516 1628 1616 mirum,
1677 1516 1783 1600 ensis
1820 1519 1925 1624 qued
1964 1517 2121 1604 excidit.

318 1657 463 1743 etenim
500 1659 667 1744 obscura
698 1657 909 1769 anaglyphi
945 1668 1026 1742 tam
1058 1685 1136 1743 ncn
1167 1661 1330 1771 apernit,
1359 1672 1403 1746 ut
1423 1663 1647 1768 aenigmate
1676 1688 1779 1745 neue
1804 1661 1987 1747 uideatur
2007 1663 2122 1747 addi·

321 1803 438 1888 disse.
502 1803 608 1908 Quae
640 1805 801 1888 tandem
830 1804 955 1889 leonis
985 1803 1026 1888 in
1056 1803 1252 1914 Antipatri
1279 1815 1405 1892 morte
1438 1807 1546 1890 lirare
1579 1804 1736 1916 pertesi
1777 1833 1873 1891 num
1904 1807 2003 1894 farte
2033 1817 2123 1918 post

319 1947 532 2032 Alexandri
568 1947 703 2054 magni
742 1955 912 2032 aetatem
955 1956 1135 2032 renatum
1176 1948 1353 2035 dicemus
1393 1951 1433 2035 in
1470 1950 1599 2035 Attica
1644 1951 1800 2035 leonum
1833 1951 1985 2058 genus‘l
2042 1979 2122 2038 non

318 2091 442 2176 defuit
474 2090 539 2200 qui
576 2091 631 2176 sic
664 2101 841 2177 censeret
854 2091 879 2177 ¹.
942 2091 1094 2176 cautius
1124 2092 1349 2192 Hennenus,
1380 2094 1507 2180 uideri
1537 2094 1668 2204 potius
1698 2093 1737 2178 in
1769 2093 1844 2179 alie
1876 2093 1986 2182 illum
2017 2104 2121 2182 terra

315 2266 338 2320 e
368 2236 482 2320 leone
513 2236 779 2344 absumptum.
851 2245 890 2320 at
921 2263 999 2344 que
1028 2237 1148 2321 made
1180 2238 1315 2345 quiin
1352 2238 1445 2324 Asia
1476 2248 1581 2323 esset
1608 2247 1674 2323 aut
1705 2239 1745 2322 in
1775 2239 1909 2324 Africa
1943 2250 2119 2342 necatus,

315 2381 440 2492 potuit
486 2378 656 2467 Athenis
697 2377 879 2465 humaril
941 2383 1082 2466 ecdem
1122 2380 1209 2468 lece
1245 2391 1285 2466 et
1322 2390 1521 2466 mertuum
1560 2390 1599 2466 et
1637 2379 1835 2492 sepultum
1867 2407 1953 2468 esse
1983 2381 2119 2470 titulus

316 2524 467 2609 elamat.
531 2521 624 2633 quid
661 2523 781 2632 igitur
818 2552 913 2608 ucrc
958 2521 1120 2608 similius
1155 2551 1273 2631 quem
1318 2519 1472 2608 leonem
1503 2520 1692 2629 aliquem,
1736 2520 1801 2629 qui
1837 2550 1860 2605 a
1890 2520 2119 2608 circulatcre

316 2669 524 2754 monstrari
544 2667 705 2754 annosis
736 2668 891 2770 soleret,
929 2695 951 2752 e
982 2696 1104 2753 cauea
1136 2696 1206 2752 sue
1234 2666 1409 2776 elapsum
1441 2665 1482 2749 in
1501 2662 1696 2776 Antipatri
1728 2666 1896 2749 cadauer
1925 2665 2118 2776 impetum

315 2811 482 2901 fecisset
519 2813 624 2900 Scite
655 2801 732 2899 hoc
763 2842 787 2897 a
818 2812 1097 2898 Lencrmantie
1128 2812 1391 2897 coniectatum
1427 2837 1514 2895 esse
1535 2809 1685 2919 Sandys
1716 2839 1795 2896 nan
1814 2822 1947 2918 negat,
1979 2841 2119 2898 uerum

314 2987 399 3045 esse
437 2969 477 3043 et
513 2959 777 3044 neceesarium
808 2958 882 3043 sibi
920 2986 998 3044 nnn
1033 2956 1237 3069 persuasit.
1300 2955 1394 3064 quid
1435 2954 1566 3040 enimi
1617 2954 1753 3050 locum*
1783 2955 1918 3042 mertis
1955 2956 1995 3042 in
2033 2958 2116 3069 epi·

313 3101 531 3214 grammate
572 3131 768 3213 nusquam
806 3103 1027 3188 memorari.
1099 3101 1153 3186 nil
1198 3100 1319 3209 igitur
1366 3100 1522 3185 obstare
1563 3098 1771 3208 queminus
1815 3127 1906 3184 eum
1950 3100 2024 3186 iter
2066 3129 2115 3188 ex

313 3248 437 3360 patrie
466 3248 507 3332 in
529 3247 735 3334 Graeciam
764 3247 970 3334 facientem
1004 3275 1205 3334 sumamus
1235 3244 1276 3328 in
1307 3241 1447 3351 Lyciae
1478 3252 1546 3328 aut
1578 3239 1715 3328 Cariae
1752 3270 1818 3327 nra
1853 3245 2113 3334 intersectum.

315 3401 420 3478 certe
452 3391 558 3476 enim
587 3393 777 3493 constare,
810 3391 926 3476 etiam
948 3389 1148 3476 Ciceronis
1174 3396 1301 3474 aetate
1331 3388 1420 3491 illic,
1458 3416 1538 3472 nen
1568 3385 1609 3472 in
1640 3413 1707 3473 ura
1738 3389 1941 3496 maritima,
1973 3390 2114 3477 sedin

311 3546 437 3621 terrae
477 3535 670 3622 interieris
701 3533 944 3645 Cibyratidcs
985 3535 1184 3621 mentibus
1229 3534 1326 3619 tales
1366 3532 1530 3636 bestias,
1579 3553 1659 3617 nen
1694 3531 1829 3618 leones
1868 3533 1939 3618 sed
1980 3544 2114 3619 tamen

310 3679 521 3792 pantheras
562 3690 695 3792 captae
733 3707 831 3766 csse.
899 3681 1035 3766 Habes
1078 3677 1299 3786 sagacitatis
1344 3675 1556 3787 specimina
1593 3675 1713 3783 digne
1754 3677 1931 3787 proiecto
1976 3705 2113 3764 eorum
2188 3721 2194 3736 ¹

309 3824 460 3938 plausu,
492 3825 559 3936 qui
586 3825 707 3910 libras
744 3852 875 3910 sacrae
904 3825 1144 3910 rationaliter
1171 3821 1415 3934 interpretari
1446 3820 1521 3905 sibi
1555 3820 1752 3905 uidentur.

409 3970 471 4055 De
503 3969 616 4055 leone
654 3979 786 4054 aetum
815 3969 868 4056 ite
897 3973 1085 4080 putabam
1116 3999 1138 4052 a
1167 3959 1412 4068 Wclclrer0²‚
1445 3975 1489 4050 ut
1519 3965 1685 4049 uerbum
1717 3965 1864 4050 addere
1897 3993 2020 4076 paene
2049 3964 2111 4050 in-

264 4209 274 4228 ,
309 4113 476 4220 dignum
515 4112 714 4197 uideretur
745 4113 995 4198 ueneratione
1024 4120 1133 4198 tanto
1161 4111 1247 4196 uiro
1277 4110 1421 4195 debita.
1485 4137 1643 4226 nempe
1672 4109 1897 4194 nesciebam
1935 4111 2111 4194 futurum

309 4253 491 4366 assequi
521 4252 803 4340 Acanthicrum
834 4255 991 4362 signum
1032 4254 1227 4339 monetale
1262 4284 1284 4338 e
1323 4254 1481 4339 leonum
1518 4253 1558 4336 in
1597 4253 1662 4337 illa
1692 4253 1854 4360 regione
1889 4253 2108 4361 frequentia

308 4408 517 4512 repeteret.
577 4398 670 4482 fecit
709 4397 786 4483 hoc
827 4427 916 4482 eum
946 4398 1117 4485 Pindern
1147 4393 1342 4485 Salletus3
1374 4407 1412 4480 et
1450 4393 1764 4505 mythologcrum
1804 4405 2025 4480 commenta
2056 4397 2107 4482 ab

308 4543 403 4630 artis
434 4542 617 4651 antiquae
655 4541 814 4648 ingenia
846 4552 961 4651 atque
1004 4553 1142 4629 natura
1181 4541 1391 4628 abhorrere
1438 4539 1589 4625 sortiter
1627 4540 1848 4626 affirmauit.
1910 4567 2005 4652 pace
2035 4541 2110 4626 uiri

307 4685 601 4799 prudentissimi
629 4685 794 4771 dixerim
830 4713 895 4770 res
925 4713 1011 4771 esse
1042 4685 1205 4771 nimium
1239 4685 1414 4771 diuersae
1444 4684 1662 4796 priscorum
1691 4685 1954 4794 symbolorum
1986 4685 2108 4792 signi-

310 4831 529 4916 ficationem
565 4829 684 4932 illam,
716 4827 929 4938 mythalngi
961 4857 1079 4939 quam
1110 4841 1313 4939 quaerunt,
1352 4838 1391 4913 et
1417 4829 1610 4915 artificum
1631 4857 1791 4914 sensum
1812 4829 2105 4939 ingeniumque.

308 4986 388 5062 tam
419 4975 526 5061 enim
556 4975 696 5060 artilex
727 5000 845 5082 quarn
874 4983 990 5084 poete
1025 4973 1153 5060 salum
1173 4973 1267 5083 quid
1296 4973 1476 5084 pulcrum
1508 4973 1558 5059 sit
1590 4983 1630 5058 et
1657 4985 1804 5084 aptum,
1837 4983 1946 5060 curat
1975 5001 2105 5083 neque
2200 5023 2205 5036 ‹

308 5120 493 5208 scientiae
525 5147 666 5204 areana
697 5118 880 5230 operibus
912 5117 993 5202 suis
1024 5118 1156 5204 cendit
1194 5130 1261 5203 eut
1290 5116 1424 5222 abdit3
1467 5128 1631 5225 uterque
1661 5145 1755 5204 uera
1793 5118 1940 5226 figuras
1968 5145 2104 5230 perse-

408 5403 438 5484 1)
461 5399 661 5482 Rhascpulus
679 5400 701 5464 l.
721 5419 746 5466 s.
767 5419 796 5482 p.
809 5401 880 5466 323.
905 5400 945 5466 ad
967 5401 1087 5484 reliqua
1109 5401 1147 5466 ef.
1170 5401 1358 5468 Iencrmant
1378 5420 1407 5484 p.
1420 5401 1531 5484 l3lsq.
1557 5399 1676 5483 Sandys
1698 5418 1728 5481 p.
1741 5399 1791 5464 51.

405 5510 439 5592 2)
461 5507 562 5573 atam
582 5505 732 5590 celanen
754 5508 787 5574 ll
810 5527 839 5591 p.
858 5509 918 5576 199
926 5527 972 5594 sq.
1114 5509 1413 5593 illacrimabantur
1435 5509 1638 5576 uumssrnatllr
1661 5507 1676 5573 l
1698 5528 1726 5590 p.
1743 5508 1812 5573 167.
