<?xml version="1.0" encoding="UTF-8"?>
<!DOCTYPE html PUBLIC "-//W3C//DTD XHTML 1.0 Transitional//EN"
    "http://www.w3.org/TR/xhtml1/DTD/xhtml1-transitional.dtd">
<html xmlns="http://www.w3.org/1999/xhtml" xml:lang="en" lang="en">
 <head>
  <title>
</title>
<meta http-equiv="Content-Type" content="text/html;charset=utf-8" />
  <meta name='ocr-system' content='tesseract 3.04.00' />
  <meta name='ocr-capabilities' content='ocr_page ocr_carea ocr_par ocr_line ocrx_word'/>
</head>
<body>
  <div class='ocr_page' id='page_1' title='image "./deiliadiscarmin00usengoog_0048.png"; bbox 0 0 5124 6398; ppageno 0'>
   <div class='ocr_carea' id='block_1_1' title="bbox 1190 821 1378 904">
    <p class='ocr_par' dir='ltr' id='par_1_1' title="bbox 1190 821 1378 904">
     <span class='ocr_line' id='line_1_1' title="bbox 1190 821 1378 904; baseline -0.011 0"><span class='ocrx_word' id='word_1_1' title='bbox 1190 821 1378 904; x_wconf 81' lang='lat'><strong>41-</strong></span> 
     </span>
    </p>
   </div>
   <div class='ocr_carea' id='block_1_2' title="bbox 318 1059 2124 2318">
    <p class='ocr_par' dir='ltr' id='par_1_2' title="bbox 318 1059 2124 1887">
     <span class='ocr_line' id='line_1_2' title="bbox 318 1059 2124 1173; baseline 0.003 -27"><span class='ocrx_word' id='word_1_2' title='bbox 318 1062 486 1148; x_wconf 88' lang='lat' dir='ltr'><strong>rationes</strong></span> <span class='ocrx_word' id='word_1_3' title='bbox 530 1059 647 1147; x_wconf 91' lang='lat' dir='ltr'><strong>huius</strong></span> <span class='ocrx_word' id='word_1_4' title='bbox 691 1061 980 1173; x_wconf 78' lang='lat' dir='ltr'><strong>epigrammatis</strong></span> <span class='ocrx_word' id='word_1_5' title='bbox 1020 1062 1262 1150; x_wconf 80' lang='lat' dir='ltr'>illustrentur</span> <span class='ocrx_word' id='word_1_6' title='bbox 1306 1069 1492 1146; x_wconf 89' lang='lat' dir='ltr'><strong>tractatus</strong></span> <span class='ocrx_word' id='word_1_7' title='bbox 1533 1060 1677 1168; x_wconf 88' lang='lat' dir='ltr'><strong>magici</strong></span> <span class='ocrx_word' id='word_1_8' title='bbox 1726 1093 1749 1146; x_wconf 89' lang='lat' dir='ltr'><strong>a</strong></span> <span class='ocrx_word' id='word_1_9' title='bbox 1788 1060 1981 1173; x_wconf 85' lang='lat' dir='ltr'><strong>Partheyo</strong></span> <span class='ocrx_word' id='word_1_10' title='bbox 2028 1065 2124 1152; x_wconf 87' lang='lat' dir='ltr'><strong>editi</strong></span> 
     </span>
     <span class='ocr_line' id='line_1_3' title="bbox 320 1203 2121 1318; baseline 0.004 -28"><span class='ocrx_word' id='word_1_11' title='bbox 320 1206 466 1291; x_wconf 86' lang='lat' dir='ltr'><strong>uerbis.</strong></span> <span class='ocrx_word' id='word_1_12' title='bbox 526 1205 581 1290; x_wconf 92' lang='lat' dir='ltr'><strong>ibi</strong></span> <span class='ocrx_word' id='word_1_13' title='bbox 612 1206 717 1292; x_wconf 92' lang='lat' dir='ltr'><strong>enim</strong></span> <span class='ocrx_word' id='word_1_14' title='bbox 748 1217 979 1318; x_wconf 81' lang='lat' dir='ltr'><strong>postquam,</strong></span> <span class='ocrx_word' id='word_1_15' title='bbox 1013 1235 1090 1316; x_wconf 92' lang='lat' dir='ltr'><strong>qua</strong></span> <span class='ocrx_word' id='word_1_16' title='bbox 1129 1206 1215 1316; x_wconf 92' lang='lat' dir='ltr'><strong>quis</strong></span> <span class='ocrx_word' id='word_1_17' title='bbox 1252 1214 1335 1290; x_wconf 89' lang='lat' dir='ltr'><strong>arte</strong></span> <span class='ocrx_word' id='word_1_18' title='bbox 1365 1205 1525 1312; x_wconf 91' lang='lat' dir='ltr'><strong>genium</strong></span> <span class='ocrx_word' id='word_1_19' title='bbox 1558 1203 1767 1290; x_wconf 88' lang='lat' dir='ltr'><strong>caelestem</strong></span> <span class='ocrx_word' id='word_1_20' title='bbox 1802 1206 1876 1291; x_wconf 92' lang='lat' dir='ltr'><strong>sibi</strong></span> <span class='ocrx_word' id='word_1_21' title='bbox 1906 1209 2121 1318; x_wconf 81' lang='lat' dir='ltr'>astringere</span> 
     </span>
     <span class='ocr_line' id='line_1_4' title="bbox 318 1345 2122 1460; baseline 0.001 -25"><span class='ocrx_word' id='word_1_22' title='bbox 318 1359 464 1460; x_wconf 84' lang='lat' dir='ltr'><strong>posset,</strong></span> <span class='ocrx_word' id='word_1_23' title='bbox 497 1349 720 1458; x_wconf 81' lang='lat' dir='ltr'><strong>expositum</strong></span> <span class='ocrx_word' id='word_1_24' title='bbox 760 1359 833 1449; x_wconf 83' lang='lat' dir='ltr'><strong>est,</strong></span> <span class='ocrx_word' id='word_1_25' title='bbox 864 1348 966 1434; x_wconf 91' lang='lat' dir='ltr'><strong>inter</strong></span> <span class='ocrx_word' id='word_1_26' title='bbox 995 1347 1070 1432; x_wconf 89' lang='lat' dir='ltr'><strong>alia</strong></span> <span class='ocrx_word' id='word_1_27' title='bbox 1101 1345 1185 1432; x_wconf 90' lang='lat' dir='ltr'><strong>eius</strong></span> <span class='ocrx_word' id='word_1_28' title='bbox 1216 1347 1344 1432; x_wconf 87' lang='lat' dir='ltr'><strong>officia</strong></span> <span class='ocrx_word' id='word_1_29' title='bbox 1375 1345 1451 1432; x_wconf 90' lang='lat' dir='ltr'><strong>hoc</strong></span> <span class='ocrx_word' id='word_1_30' title='bbox 1483 1375 1639 1457; x_wconf 91' lang='lat' dir='ltr'><strong>quoque</strong></span> <span class='ocrx_word' id='word_1_31' title='bbox 1670 1357 1927 1453; x_wconf 80' lang='lat' dir='ltr'><strong>memoratur,</strong></span> <span class='ocrx_word' id='word_1_32' title='bbox 1961 1351 2122 1458; x_wconf 88' lang='lat' dir='ltr'><strong>genium</strong></span> 
     </span>
     <span class='ocr_line' id='line_1_5' title="bbox 319 1487 2122 1600; baseline 0.004 -28"><span class='ocrx_word' id='word_1_33' title='bbox 319 1488 494 1574; x_wconf 75' lang='lat' dir='ltr'>defuncti</span> <span class='ocrx_word' id='word_1_34' title='bbox 529 1490 696 1574; x_wconf 89' lang='lat' dir='ltr'><strong>cadauer</strong></span> <span class='ocrx_word' id='word_1_35' title='bbox 736 1489 810 1574; x_wconf 89' lang='lat' dir='ltr'><strong>rite</strong></span> <span class='ocrx_word' id='word_1_36' title='bbox 851 1488 1095 1600; x_wconf 91' lang='lat' dir='ltr'><strong>sepulturum</strong></span> <span class='ocrx_word' id='word_1_37' title='bbox 1131 1487 1294 1597; x_wconf 89' lang='lat' dir='ltr'><strong>eiusque</strong></span> <span class='ocrx_word' id='word_1_38' title='bbox 1332 1487 1505 1573; x_wconf 93' lang='lat' dir='ltr'><strong>animam</strong></span> <span class='ocrx_word' id='word_1_39' title='bbox 1536 1517 1692 1576; x_wconf 88' lang='lat' dir='ltr'><strong>sursum</strong></span> <span class='ocrx_word' id='word_1_40' title='bbox 1723 1493 1772 1574; x_wconf 91' lang='lat' dir='ltr'><strong>ad</strong></span> <span class='ocrx_word' id='word_1_41' title='bbox 1803 1490 1956 1575; x_wconf 91' lang='lat' dir='ltr'><strong>eaelum</strong></span> <span class='ocrx_word' id='word_1_42' title='bbox 1986 1519 2122 1579; x_wconf 91' lang='lat' dir='ltr'><strong>secum</strong></span> 
     </span>
     <span class='ocr_line' id='line_1_6' title="bbox 318 1631 2121 1745; baseline 0.001 -26"><span class='ocrx_word' id='word_1_43' title='bbox 318 1636 540 1734; x_wconf 79' lang='lat' dir='ltr'><strong>ductuum,</strong></span> <span class='ocrx_word' id='word_1_44' title='bbox 573 1633 753 1719; x_wconf 91' lang='lat' dir='ltr'><strong>necenim</strong></span> <span class='ocrx_word' id='word_1_45' title='bbox 784 1633 868 1718; x_wconf 83' lang='lat' dir='ltr'><strong>fieri</strong></span> <span class='ocrx_word' id='word_1_46' title='bbox 898 1661 1027 1745; x_wconf 84' lang='lat' dir='ltr'><strong>posse,</strong></span> <span class='ocrx_word' id='word_1_47' title='bbox 1057 1643 1102 1718; x_wconf 84' lang='lat' dir='ltr'><strong>nt</strong></span> <span class='ocrx_word' id='word_1_48' title='bbox 1134 1632 1261 1718; x_wconf 88' lang='lat' dir='ltr'><strong>anima</strong></span> <span class='ocrx_word' id='word_1_49' title='bbox 1292 1631 1397 1718; x_wconf 90' lang='lat' dir='ltr'><strong>socio</strong></span> <span class='ocrx_word' id='word_1_50' title='bbox 1428 1639 1509 1715; x_wconf 90' lang='lat' dir='ltr'><strong>tam</strong></span> <span class='ocrx_word' id='word_1_51' title='bbox 1541 1631 1686 1718; x_wconf 89' lang='lat' dir='ltr'><strong>ualeuti</strong></span> <span class='ocrx_word' id='word_1_52' title='bbox 1707 1636 1980 1720; x_wconf 90' lang='lat' dir='ltr'><strong>commendata</strong></span> <span class='ocrx_word' id='word_1_53' title='bbox 2005 1637 2121 1722; x_wconf 89' lang='lat' dir='ltr'><strong>deor-</strong></span> 
     </span>
     <span class='ocr_line' id='line_1_7' title="bbox 323 1775 929 1887; baseline -0.005 -25"><span class='ocrx_word' id='word_1_54' title='bbox 323 1805 410 1862; x_wconf 90' lang='lat' dir='ltr'><strong>sum</strong></span> <span class='ocrx_word' id='word_1_55' title='bbox 440 1777 481 1861; x_wconf 93' lang='lat' dir='ltr'><strong>in</strong></span> <span class='ocrx_word' id='word_1_56' title='bbox 510 1803 647 1862; x_wconf 88' lang='lat' dir='ltr'><strong>orcum</strong></span> <span class='ocrx_word' id='word_1_57' title='bbox 678 1776 892 1887; x_wconf 88' lang='lat' dir='ltr'><strong>abripiatur</strong></span> <span class='ocrx_word' id='word_1_58' title='bbox 902 1775 929 1858; x_wconf 93' lang='lat'><strong>¹.</strong></span> 
     </span>
    </p>

    <p class='ocr_par' dir='ltr' id='par_1_3' title="bbox 318 1917 2120 2318">
     <span class='ocr_line' id='line_1_8' title="bbox 419 1917 2119 2031; baseline 0.001 -23"><span class='ocrx_word' id='word_1_59' title='bbox 419 1921 498 2008; x_wconf 81' lang='lat' dir='ltr'><strong>Sed</strong></span> <span class='ocrx_word' id='word_1_60' title='bbox 530 1917 629 2006; x_wconf 88' lang='lat' dir='ltr'><strong>haec</strong></span> <span class='ocrx_word' id='word_1_61' title='bbox 666 1930 877 2028; x_wconf 80' lang='lat' dir='ltr'><strong>antequam</strong></span> <span class='ocrx_word' id='word_1_62' title='bbox 916 1929 1141 2031; x_wconf 71' lang='lat' dir='ltr'><strong>pertensem,</strong></span> <span class='ocrx_word' id='word_1_63' title='bbox 1183 1918 1355 2004; x_wconf 90' lang='lat' dir='ltr'><strong>breuiter</strong></span> <span class='ocrx_word' id='word_1_64' title='bbox 1394 1921 1638 2005; x_wconf 91' lang='lat' dir='ltr'><strong>monendum</strong></span> <span class='ocrx_word' id='word_1_65' title='bbox 1677 1929 1735 2005; x_wconf 91' lang='lat' dir='ltr'><strong>est</strong></span> <span class='ocrx_word' id='word_1_66' title='bbox 1775 1921 1825 2005; x_wconf 92' lang='lat' dir='ltr'><strong>de</strong></span> <span class='ocrx_word' id='word_1_67' title='bbox 1864 1949 1972 2008; x_wconf 89' lang='lat' dir='ltr'><strong>sacra</strong></span> <span class='ocrx_word' id='word_1_68' title='bbox 2015 1926 2119 2024; x_wconf 87' lang='lat' dir='ltr'><strong>naui,</strong></span> 
     </span>
     <span class='ocr_line' id='line_1_9' title="bbox 319 2061 2120 2175; baseline 0.002 -25"><span class='ocrx_word' id='word_1_69' title='bbox 319 2069 423 2150; x_wconf 92' lang='lat' dir='ltr'><strong>unde</strong></span> <span class='ocrx_word' id='word_1_70' title='bbox 465 2065 716 2152; x_wconf 77' lang='lat' dir='ltr'>descendisse</span> <span class='ocrx_word' id='word_1_71' title='bbox 759 2065 900 2151; x_wconf 91' lang='lat' dir='ltr'><strong>dicitur</strong></span> <span class='ocrx_word' id='word_1_72' title='bbox 945 2065 1011 2173; x_wconf 92' lang='lat' dir='ltr'><strong>qui</strong></span> <span class='ocrx_word' id='word_1_73' title='bbox 1043 2064 1246 2175; x_wconf 84' lang='lat' dir='ltr'><strong>Antipatro</strong></span> <span class='ocrx_word' id='word_1_74' title='bbox 1284 2061 1479 2174; x_wconf 90' lang='lat' dir='ltr'><strong>opitulans</strong></span> <span class='ocrx_word' id='word_1_75' title='bbox 1520 2063 1675 2148; x_wconf 93' lang='lat' dir='ltr'><strong>leonem</strong></span> <span class='ocrx_word' id='word_1_76' title='bbox 1705 2065 1886 2175; x_wconf 86' lang='lat' dir='ltr'><strong>reppulit.</strong></span> <span class='ocrx_word' id='word_1_77' title='bbox 1949 2067 2120 2154; x_wconf 90' lang='lat' dir='ltr'><strong>diuinam</strong></span> 
     </span>
     <span class='ocr_line' id='line_1_10' title="bbox 318 2206 2119 2318; baseline 0.001 -22"><span class='ocrx_word' id='word_1_78' title='bbox 318 2237 405 2296; x_wconf 91' lang='lat' dir='ltr'><strong>eam</strong></span> <span class='ocrx_word' id='word_1_79' title='bbox 438 2237 525 2296; x_wconf 91' lang='lat' dir='ltr'><strong>esse</strong></span> <span class='ocrx_word' id='word_1_80' title='bbox 555 2209 632 2294; x_wconf 93' lang='lat' dir='ltr'><strong>iam</strong></span> <span class='ocrx_word' id='word_1_81' title='bbox 662 2237 779 2294; x_wconf 91' lang='lat' dir='ltr'><strong>nemo</strong></span> <span class='ocrx_word' id='word_1_82' title='bbox 809 2237 888 2293; x_wconf 92' lang='lat' dir='ltr'><strong>non</strong></span> <span class='ocrx_word' id='word_1_83' title='bbox 920 2209 1082 2295; x_wconf 86' lang='lat' dir='ltr'><strong>sentiet:</strong></span> <span class='ocrx_word' id='word_1_84' title='bbox 1114 2235 1284 2317; x_wconf 92' lang='lat' dir='ltr'><strong>quonam</strong></span> <span class='ocrx_word' id='word_1_85' title='bbox 1312 2233 1388 2292; x_wconf 87' lang='lat' dir='ltr'><strong>usu</strong></span> <span class='ocrx_word' id='word_1_86' title='bbox 1420 2206 1548 2307; x_wconf 83' lang='lat' dir='ltr'><strong>fuerit,</strong></span> <span class='ocrx_word' id='word_1_87' title='bbox 1581 2208 1743 2292; x_wconf 83' lang='lat' dir='ltr'><strong>forsitan</strong></span> <span class='ocrx_word' id='word_1_88' title='bbox 1777 2209 1963 2318; x_wconf 83' lang='lat' dir='ltr'><strong>ambigat.</strong></span> <span class='ocrx_word' id='word_1_89' title='bbox 2004 2213 2119 2298; x_wconf 80' lang='lat' dir='ltr'><strong>trimi-</strong></span> 
     </span>
    </p>
   </div>
   <div class='ocr_carea' id='block_1_3' title="bbox 184 2339 2119 2466">
    <p class='ocr_par' dir='ltr' id='par_1_4' title="bbox 184 2339 2119 2466">
     <span class='ocr_line' id='line_1_11' title="bbox 184 2339 2119 2466; baseline 0.001 -26"><span class='ocrx_word' id='word_1_90' title='bbox 184 2339 187 2344; x_wconf 53' lang='grc'><strong>’</strong></span> <span class='ocrx_word' id='word_1_91' title='bbox 317 2383 405 2440; x_wconf 88' lang='lat' dir='ltr'><strong>rum</strong></span> <span class='ocrx_word' id='word_1_92' title='bbox 449 2382 539 2439; x_wconf 92' lang='lat' dir='ltr'><strong>cum</strong></span> <span class='ocrx_word' id='word_1_93' title='bbox 584 2382 633 2438; x_wconf 85' lang='lat' dir='ltr'><strong>ex</strong></span> <span class='ocrx_word' id='word_1_94' title='bbox 678 2355 932 2466; x_wconf 86' lang='lat' dir='ltr'><strong>plurimarum</strong></span> <span class='ocrx_word' id='word_1_95' title='bbox 971 2353 1150 2464; x_wconf 86' lang='lat' dir='ltr'><strong>gentium</strong></span> <span class='ocrx_word' id='word_1_96' title='bbox 1202 2350 1383 2462; x_wconf 92' lang='lat' dir='ltr'><strong>opinione</strong></span> <span class='ocrx_word' id='word_1_97' title='bbox 1427 2377 1533 2436; x_wconf 90' lang='lat' dir='ltr'><strong>mors</strong></span> <span class='ocrx_word' id='word_1_98' title='bbox 1577 2351 1775 2458; x_wconf 78' lang='lat' dir='ltr'><strong>namgatio</strong></span> <span class='ocrx_word' id='word_1_99' title='bbox 1819 2357 2013 2461; x_wconf 83' lang='lat' dir='ltr'><strong>quaedam</strong></span> <span class='ocrx_word' id='word_1_100' title='bbox 2057 2357 2119 2457; x_wconf 86' lang='lat' dir='ltr'><strong>sit,</strong></span> 
     </span>
    </p>
   </div>
   <div class='ocr_carea' id='block_1_4' title="bbox 315 2493 2119 4770">
    <p class='ocr_par' dir='ltr' id='par_1_5' title="bbox 315 2493 2119 4770">
     <span class='ocr_line' id='line_1_12' title="bbox 318 2493 2115 2609; baseline 0.002 -25"><span class='ocrx_word' id='word_1_101' title='bbox 318 2500 489 2584; x_wconf 82' lang='lat' dir='ltr'><strong>Graecos</strong></span> <span class='ocrx_word' id='word_1_102' title='bbox 521 2525 677 2608; x_wconf 88' lang='lat' dir='ltr'><strong>quoque</strong></span> <span class='ocrx_word' id='word_1_103' title='bbox 706 2498 941 2584; x_wconf 89' lang='lat' dir='ltr'><strong>uetustiores</strong></span> <span class='ocrx_word' id='word_1_104' title='bbox 972 2507 1123 2582; x_wconf 90' lang='lat' dir='ltr'><strong>certum</strong></span> <span class='ocrx_word' id='word_1_105' title='bbox 1155 2504 1215 2582; x_wconf 90' lang='lat' dir='ltr'><strong>est</strong></span> <span class='ocrx_word' id='word_1_106' title='bbox 1247 2524 1325 2581; x_wconf 90' lang='lat' dir='ltr'><strong>non</strong></span> <span class='ocrx_word' id='word_1_107' title='bbox 1356 2505 1436 2581; x_wconf 87' lang='lat' dir='ltr'><strong>tam</strong></span> <span class='ocrx_word' id='word_1_108' title='bbox 1468 2493 1719 2582; x_wconf 88' lang='lat' dir='ltr'><strong>charonteam</strong></span> <span class='ocrx_word' id='word_1_109' title='bbox 1745 2495 1851 2582; x_wconf 89' lang='lat' dir='ltr'><strong>illam</strong></span> <span class='ocrx_word' id='word_1_110' title='bbox 1881 2527 1952 2609; x_wconf 89' lang='lat' dir='ltr'><strong>per</strong></span> <span class='ocrx_word' id='word_1_111' title='bbox 1968 2501 2115 2588; x_wconf 90' lang='lat' dir='ltr'><strong>flumen</strong></span> 
     </span>
     <span class='ocr_line' id='line_1_13' title="bbox 315 2641 2116 2752; baseline 0.002 -25"><span class='ocrx_word' id='word_1_112' title='bbox 315 2641 511 2728; x_wconf 84' lang='lat' dir='ltr'><strong>iulemum</strong></span> <span class='ocrx_word' id='word_1_113' title='bbox 543 2642 835 2752; x_wconf 86' lang='lat' dir='ltr'><strong>nauigationem</strong></span> <span class='ocrx_word' id='word_1_114' title='bbox 872 2641 1083 2726; x_wconf 83' lang='lat' dir='ltr'><strong>credidisse</strong></span> <span class='ocrx_word' id='word_1_115' title='bbox 1116 2669 1234 2750; x_wconf 90' lang='lat' dir='ltr'><strong>quam</strong></span> <span class='ocrx_word' id='word_1_116' title='bbox 1262 2641 1337 2724; x_wconf 92' lang='lat' dir='ltr'><strong>iter</strong></span> <span class='ocrx_word' id='word_1_117' title='bbox 1366 2669 1436 2751; x_wconf 90' lang='lat' dir='ltr'><strong>per</strong></span> <span class='ocrx_word' id='word_1_118' title='bbox 1469 2641 1688 2741; x_wconf 85' lang='lat' dir='ltr'><strong>Oceanum,</strong></span> <span class='ocrx_word' id='word_1_119' title='bbox 1740 2643 1904 2726; x_wconf 90' lang='lat' dir='ltr'><strong>deorum</strong></span> <span class='ocrx_word' id='word_1_120' title='bbox 1939 2644 2116 2747; x_wconf 84' lang='lat' dir='ltr'><strong>fluuium,</strong></span> 
     </span>
     <span class='ocr_line' id='line_1_14' title="bbox 316 2783 2116 2898; baseline 0.002 -26"><span class='ocrx_word' id='word_1_121' title='bbox 316 2789 364 2872; x_wconf 89' lang='lat' dir='ltr'><strong>ad</strong></span> <span class='ocrx_word' id='word_1_122' title='bbox 398 2787 514 2873; x_wconf 89' lang='lat' dir='ltr'>sedes</span> <span class='ocrx_word' id='word_1_123' title='bbox 546 2788 683 2873; x_wconf 87' lang='lat' dir='ltr'><strong>beatas</strong></span> <span class='ocrx_word' id='word_1_124' title='bbox 721 2786 868 2898; x_wconf 90' lang='lat' dir='ltr'><strong>optimo</strong></span> <span class='ocrx_word' id='word_1_125' title='bbox 918 2785 1060 2894; x_wconf 90' lang='lat' dir='ltr'><strong>cuique</strong></span> <span class='ocrx_word' id='word_1_126' title='bbox 1095 2785 1329 2870; x_wconf 83' lang='lat' dir='ltr'><strong>laciendum.</strong></span> <span class='ocrx_word' id='word_1_127' title='bbox 1391 2783 1453 2870; x_wconf 92' lang='lat' dir='ltr'><strong>cui</strong></span> <span class='ocrx_word' id='word_1_128' title='bbox 1483 2783 1539 2868; x_wconf 89' lang='lat' dir='ltr'><strong>rei</strong></span> <span class='ocrx_word' id='word_1_129' title='bbox 1577 2811 1667 2868; x_wconf 90' lang='lat' dir='ltr'><strong>cum</strong></span> <span class='ocrx_word' id='word_1_130' title='bbox 1696 2785 1850 2871; x_wconf 85' lang='lat' dir='ltr'><strong>fabulae</strong></span> <span class='ocrx_word' id='word_1_131' title='bbox 1882 2788 2116 2898; x_wconf 87' lang='lat' dir='ltr'><strong>complures,</strong></span> 
     </span>
     <span class='ocr_line' id='line_1_15' title="bbox 315 2897 2118 3043; baseline 0.001 -25"><span class='ocrx_word' id='word_1_132' title='bbox 315 2897 502 3043; x_wconf 88' lang='lat' dir='ltr'><strong>phaeacia</strong></span> <span class='ocrx_word' id='word_1_133' title='bbox 532 2929 806 3041; x_wconf 73' lang='lat' dir='ltr'><strong>argonautas,</strong></span> <span class='ocrx_word' id='word_1_134' title='bbox 848 2930 1032 3016; x_wconf 80' lang='lat' dir='ltr'><strong>hereudea</strong></span> <span class='ocrx_word' id='word_1_135' title='bbox 1068 2931 1117 3014; x_wconf 92' lang='lat' dir='ltr'><strong>de</strong></span> <span class='ocrx_word' id='word_1_136' title='bbox 1145 2926 1317 3038; x_wconf 76' lang='lat' dir='ltr'><strong>Erythea</strong></span> <span class='ocrx_word' id='word_1_137' title='bbox 1347 2927 1474 3014; x_wconf 91' lang='lat' dir='ltr'><strong>insula</strong></span> <span class='ocrx_word' id='word_1_138' title='bbox 1510 2956 1581 3038; x_wconf 91' lang='lat' dir='ltr'><strong>per</strong></span> <span class='ocrx_word' id='word_1_139' title='bbox 1613 2929 1812 3014; x_wconf 90' lang='lat' dir='ltr'><strong>Oceanum</strong></span> <span class='ocrx_word' id='word_1_140' title='bbox 1849 2931 1982 3041; x_wconf 87' lang='lat' dir='ltr'><strong>petita,</strong></span> <span class='ocrx_word' id='word_1_141' title='bbox 2021 2932 2118 3019; x_wconf 88' lang='lat' dir='ltr'><strong>aliae</strong></span> 
     </span>
     <span class='ocr_line' id='line_1_16' title="bbox 318 3071 2119 3188; baseline 0.001 -26"><span class='ocrx_word' id='word_1_142' title='bbox 318 3078 554 3163; x_wconf 88' lang='lat' dir='ltr'><strong>documento</strong></span> <span class='ocrx_word' id='word_1_143' title='bbox 584 3077 674 3178; x_wconf 85' lang='lat' dir='ltr'><strong>sint,</strong></span> <span class='ocrx_word' id='word_1_144' title='bbox 705 3085 790 3161; x_wconf 92' lang='lat' dir='ltr'><strong>tum</strong></span> <span class='ocrx_word' id='word_1_145' title='bbox 818 3077 927 3161; x_wconf 93' lang='lat' dir='ltr'><strong>idem</strong></span> <span class='ocrx_word' id='word_1_146' title='bbox 958 3075 1065 3160; x_wconf 90' lang='lat' dir='ltr'>credi</span> <span class='ocrx_word' id='word_1_147' title='bbox 1095 3101 1310 3182; x_wconf 87' lang='lat' dir='ltr'><strong>numquam</strong></span> <span class='ocrx_word' id='word_1_148' title='bbox 1340 3072 1501 3158; x_wconf 89' lang='lat' dir='ltr'>desiisse</span> <span class='ocrx_word' id='word_1_149' title='bbox 1534 3073 1654 3156; x_wconf 89' lang='lat' dir='ltr'><strong>fidem</strong></span> <span class='ocrx_word' id='word_1_150' title='bbox 1676 3071 1895 3186; x_wconf 81' lang='lat' dir='ltr'><strong>anaglypha</strong></span> <span class='ocrx_word' id='word_1_151' title='bbox 1916 3077 2119 3188; x_wconf 88' lang='lat' dir='ltr'><strong>sepulcra-</strong></span> 
     </span>
     <span class='ocr_line' id='line_1_17' title="bbox 315 3214 2117 3331; baseline 0.002 -25"><span class='ocrx_word' id='word_1_152' title='bbox 315 3220 367 3306; x_wconf 88' lang='lat' dir='ltr'><strong>lia</strong></span> <span class='ocrx_word' id='word_1_153' title='bbox 398 3247 478 3306; x_wconf 90' lang='lat' dir='ltr'><strong>non</strong></span> <span class='ocrx_word' id='word_1_154' title='bbox 507 3248 630 3331; x_wconf 88' lang='lat' dir='ltr'><strong>panca</strong></span> <span class='ocrx_word' id='word_1_155' title='bbox 660 3220 827 3322; x_wconf 87' lang='lat' dir='ltr'><strong>faciunt,</strong></span> <span class='ocrx_word' id='word_1_156' title='bbox 866 3221 907 3304; x_wconf 95' lang='lat' dir='ltr'><strong>in</strong></span> <span class='ocrx_word' id='word_1_157' title='bbox 940 3219 1081 3327; x_wconf 90' lang='lat' dir='ltr'><strong>quibus</strong></span> <span class='ocrx_word' id='word_1_158' title='bbox 1110 3217 1248 3303; x_wconf 90' lang='lat' dir='ltr'><strong>uideas</strong></span> <span class='ocrx_word' id='word_1_159' title='bbox 1280 3214 1481 3301; x_wconf 92' lang='lat' dir='ltr'><strong>hominem</strong></span> <span class='ocrx_word' id='word_1_160' title='bbox 1509 3223 1751 3302; x_wconf 90' lang='lat' dir='ltr'><strong>maerentem</strong></span> <span class='ocrx_word' id='word_1_161' title='bbox 1780 3217 1819 3303; x_wconf 93' lang='lat' dir='ltr'><strong>in</strong></span> <span class='ocrx_word' id='word_1_162' title='bbox 1849 3247 1944 3305; x_wconf 87' lang='lat' dir='ltr'><strong>saxo</strong></span> <span class='ocrx_word' id='word_1_163' title='bbox 1974 3225 2117 3308; x_wconf 92' lang='lat' dir='ltr'><strong>seden-</strong></span> 
     </span>
     <span class='ocr_line' id='line_1_18' title="bbox 315 3361 2118 3476; baseline 0.002 -25"><span class='ocrx_word' id='word_1_164' title='bbox 315 3375 396 3451; x_wconf 92' lang='lat' dir='ltr'><strong>tem</strong></span> <span class='ocrx_word' id='word_1_165' title='bbox 434 3375 686 3476; x_wconf 90' lang='lat' dir='ltr'><strong>paratamque</strong></span> <span class='ocrx_word' id='word_1_166' title='bbox 724 3365 867 3468; x_wconf 79' lang='lat' dir='ltr'><strong>nanim</strong></span> <span class='ocrx_word' id='word_1_167' title='bbox 899 3392 999 3474; x_wconf 92' lang='lat' dir='ltr'><strong>quae</strong></span> <span class='ocrx_word' id='word_1_168' title='bbox 1031 3393 1079 3449; x_wconf 83' lang='lat' dir='ltr'><strong>ex</strong></span> <span class='ocrx_word' id='word_1_169' title='bbox 1109 3361 1191 3446; x_wconf 89' lang='lat' dir='ltr'><strong>uita</strong></span> <span class='ocrx_word' id='word_1_170' title='bbox 1221 3388 1311 3446; x_wconf 89' lang='lat' dir='ltr'><strong>eum</strong></span> <span class='ocrx_word' id='word_1_171' title='bbox 1342 3370 1449 3447; x_wconf 90' lang='lat' dir='ltr'><strong>trans</strong></span> <span class='ocrx_word' id='word_1_172' title='bbox 1469 3361 1669 3446; x_wconf 87' lang='lat' dir='ltr'><strong>Oceanum</strong></span> <span class='ocrx_word' id='word_1_173' title='bbox 1700 3364 1810 3448; x_wconf 85' lang='lat' dir='ltr'><strong>ierat.</strong></span> <span class='ocrx_word' id='word_1_174' title='bbox 1873 3395 2011 3451; x_wconf 85' lang='lat' dir='ltr'><strong>saxum</strong></span> <span class='ocrx_word' id='word_1_175' title='bbox 2041 3367 2118 3454; x_wconf 92' lang='lat' dir='ltr'><strong>illic</strong></span> 
     </span>
     <span class='ocr_line' id='line_1_19' title="bbox 317 3505 2116 3617; baseline 0.003 -22"><span class='ocrx_word' id='word_1_176' title='bbox 317 3540 394 3598; x_wconf 93' lang='lat' dir='ltr'><strong>non</strong></span> <span class='ocrx_word' id='word_1_177' title='bbox 432 3520 580 3596; x_wconf 90' lang='lat' dir='ltr'><strong>temere</strong></span> <span class='ocrx_word' id='word_1_178' title='bbox 611 3509 824 3614; x_wconf 63' lang='lat' dir='ltr'><strong>indicatum</strong></span> <span class='ocrx_word' id='word_1_179' title='bbox 866 3518 926 3596; x_wconf 91' lang='lat' dir='ltr'><strong>est</strong></span> <span class='ocrx_word' id='word_1_180' title='bbox 956 3510 1060 3594; x_wconf 90' lang='lat' dir='ltr'><strong>enirn</strong></span> <span class='ocrx_word' id='word_1_181' title='bbox 1090 3509 1145 3609; x_wconf 90' lang='lat' dir='ltr'><strong>id,</strong></span> <span class='ocrx_word' id='word_1_182' title='bbox 1183 3507 1289 3590; x_wconf 91' lang='lat' dir='ltr'><strong>unde</strong></span> <span class='ocrx_word' id='word_1_183' title='bbox 1320 3505 1441 3591; x_wconf 91' lang='lat' dir='ltr'><strong>uitam</strong></span> <span class='ocrx_word' id='word_1_184' title='bbox 1471 3507 1626 3590; x_wconf 88' lang='lat' dir='ltr'><strong>beatam</strong></span> <span class='ocrx_word' id='word_1_185' title='bbox 1659 3507 1816 3617; x_wconf 89' lang='lat' dir='ltr'><strong>petituri</strong></span> <span class='ocrx_word' id='word_1_186' title='bbox 1846 3509 1885 3594; x_wconf 92' lang='lat' dir='ltr'><strong>in</strong></span> <span class='ocrx_word' id='word_1_187' title='bbox 1918 3511 2116 3600; x_wconf 90' lang='lat' dir='ltr'><strong>Oceanum</strong></span> 
     </span>
     <span class='ocr_line' id='line_1_20' title="bbox 317 3648 2116 3766; baseline 0.003 -26"><span class='ocrx_word' id='word_1_188' title='bbox 317 3683 359 3741; x_wconf 93' lang='lat' dir='ltr'><strong>se</strong></span> <span class='ocrx_word' id='word_1_189' title='bbox 392 3654 588 3756; x_wconf 83' lang='lat' dir='ltr'><strong>deiciunt,</strong></span> <span class='ocrx_word' id='word_1_190' title='bbox 634 3654 858 3740; x_wconf 90' lang='lat' dir='ltr'><strong>leucadium</strong></span> <span class='ocrx_word' id='word_1_191' title='bbox 887 3653 1009 3762; x_wconf 86' lang='lat' dir='ltr'><strong>uulgo</strong></span> <span class='ocrx_word' id='word_1_192' title='bbox 1041 3653 1187 3738; x_wconf 86' lang='lat' dir='ltr'><strong>dixere.</strong></span> <span class='ocrx_word' id='word_1_193' title='bbox 1248 3651 1366 3757; x_wconf 90' lang='lat' dir='ltr'><strong>longe</strong></span> <span class='ocrx_word' id='word_1_194' title='bbox 1413 3649 1524 3734; x_wconf 90' lang='lat' dir='ltr'><strong>aliter</strong></span> <span class='ocrx_word' id='word_1_195' title='bbox 1570 3651 1620 3734; x_wconf 93' lang='lat' dir='ltr'><strong>de</strong></span> <span class='ocrx_word' id='word_1_196' title='bbox 1663 3648 1725 3736; x_wconf 91' lang='lat' dir='ltr'><strong>his</strong></span> <span class='ocrx_word' id='word_1_197' title='bbox 1766 3653 1996 3766; x_wconf 81' lang='lat' dir='ltr'><strong>anaglyphis</strong></span> <span class='ocrx_word' id='word_1_198' title='bbox 2035 3657 2116 3746; x_wconf 90' lang='lat' dir='ltr'><strong>scio</strong></span> 
     </span>
     <span class='ocr_line' id='line_1_21' title="bbox 317 3794 2116 3908; baseline 0.002 -26"><span class='ocrx_word' id='word_1_199' title='bbox 317 3798 422 3882; x_wconf 89' lang='lat' dir='ltr'><strong>uiros</strong></span> <span class='ocrx_word' id='word_1_200' title='bbox 454 3794 727 3884; x_wconf 82' lang='lat' dir='ltr'><strong>doctissimos²</strong></span> <span class='ocrx_word' id='word_1_201' title='bbox 757 3798 950 3882; x_wconf 83' lang='lat' dir='ltr'><strong>iudicare:</strong></span> <span class='ocrx_word' id='word_1_202' title='bbox 993 3797 1134 3906; x_wconf 90' lang='lat' dir='ltr'><strong>quibus</strong></span> <span class='ocrx_word' id='word_1_203' title='bbox 1166 3795 1197 3882; x_wconf 88' lang='lat' dir='ltr'><strong>si</strong></span> <span class='ocrx_word' id='word_1_204' title='bbox 1227 3823 1307 3878; x_wconf 91' lang='lat' dir='ltr'><strong>nen</strong></span> <span class='ocrx_word' id='word_1_205' title='bbox 1342 3820 1585 3904; x_wconf 85' lang='lat' dir='ltr'><strong>persuasero,</strong></span> <span class='ocrx_word' id='word_1_206' title='bbox 1619 3820 1693 3878; x_wconf 90' lang='lat' dir='ltr'><strong>nec</strong></span> <span class='ocrx_word' id='word_1_207' title='bbox 1722 3795 1892 3884; x_wconf 89' lang='lat' dir='ltr'><strong>mirabor</strong></span> <span class='ocrx_word' id='word_1_208' title='bbox 1922 3828 1995 3884; x_wconf 91' lang='lat' dir='ltr'><strong>nee</strong></span> <span class='ocrx_word' id='word_1_209' title='bbox 2025 3827 2116 3908; x_wconf 89' lang='lat' dir='ltr'><strong>gra-</strong></span> 
     </span>
     <span class='ocr_line' id='line_1_22' title="bbox 316 3916 2115 4050; baseline 0.004 -27"><span class='ocrx_word' id='word_1_210' title='bbox 316 3942 460 4041; x_wconf 89' lang='lat' dir='ltr'><strong>uabor‚</strong></span> <span class='ocrx_word' id='word_1_211' title='bbox 502 3968 613 4026; x_wconf 88' lang='lat' dir='ltr'><strong>suam</strong></span> <span class='ocrx_word' id='word_1_212' title='bbox 638 3916 749 4024; x_wconf 89' lang='lat' dir='ltr'><strong>enim</strong></span> <span class='ocrx_word' id='word_1_213' title='bbox 788 3967 851 4024; x_wconf 89' lang='lat' dir='ltr'><strong>res</strong></span> <span class='ocrx_word' id='word_1_214' title='bbox 894 3938 1126 4048; x_wconf 87' lang='lat' dir='ltr'><strong>grauissima</strong></span> <span class='ocrx_word' id='word_1_215' title='bbox 1166 3937 1238 4024; x_wconf 92' lang='lat' dir='ltr'><strong>sibi</strong></span> <span class='ocrx_word' id='word_1_216' title='bbox 1276 3937 1447 4050; x_wconf 90' lang='lat' dir='ltr'><strong>postulat</strong></span> <span class='ocrx_word' id='word_1_217' title='bbox 1485 3937 1797 4048; x_wconf 88' lang='lat' dir='ltr'><strong>disputationem.</strong></span> <span class='ocrx_word' id='word_1_218' title='bbox 1858 3971 1963 4026; x_wconf 89' lang='lat' dir='ltr'><strong>nunc</strong></span> <span class='ocrx_word' id='word_1_219' title='bbox 1992 3973 2115 4030; x_wconf 91' lang='lat' dir='ltr'><strong>unum</strong></span> 
     </span>
     <span class='ocr_line' id='line_1_23' title="bbox 317 4079 2114 4194; baseline 0.003 -26"><span class='ocrx_word' id='word_1_220' title='bbox 317 4085 444 4180; x_wconf 83' lang='lat' dir='ltr'><strong>addo,</strong></span> <span class='ocrx_word' id='word_1_221' title='bbox 488 4083 527 4168; x_wconf 91' lang='lat' dir='ltr'><strong>in</strong></span> <span class='ocrx_word' id='word_1_222' title='bbox 560 4079 801 4194; x_wconf 86' lang='lat' dir='ltr'><strong>anaglypho,</strong></span> <span class='ocrx_word' id='word_1_223' title='bbox 850 4085 954 4190; x_wconf 91' lang='lat' dir='ltr'><strong>quod</strong></span> <span class='ocrx_word' id='word_1_224' title='bbox 993 4083 1269 4167; x_wconf 87' lang='lat' dir='ltr'><strong>adumbratum</strong></span> <span class='ocrx_word' id='word_1_225' title='bbox 1312 4082 1413 4167; x_wconf 90' lang='lat' dir='ltr'><strong>inter</strong></span> <span class='ocrx_word' id='word_1_226' title='bbox 1457 4081 1621 4167; x_wconf 90' lang='lat' dir='ltr'><strong>instituti</strong></span> <span class='ocrx_word' id='word_1_227' title='bbox 1665 4083 1952 4193; x_wconf 84' lang='lat' dir='ltr'><strong>archaeologici</strong></span> <span class='ocrx_word' id='word_1_228' title='bbox 1990 4091 2114 4174; x_wconf 89' lang='lat' dir='ltr'><strong>nostri</strong></span> 
     </span>
     <span class='ocr_line' id='line_1_24' title="bbox 315 4225 2113 4345; baseline 0.005 -35"><span class='ocrx_word' id='word_1_229' title='bbox 315 4235 544 4338; x_wconf 90' lang='lat' dir='ltr'><strong>apparatum</strong></span> <span class='ocrx_word' id='word_1_230' title='bbox 577 4226 660 4309; x_wconf 93' lang='lat' dir='ltr'><strong>uidi</strong></span> <span class='ocrx_word' id='word_1_231' title='bbox 691 4235 731 4311; x_wconf 91' lang='lat' dir='ltr'><strong>et</strong></span> <span class='ocrx_word' id='word_1_232' title='bbox 761 4253 854 4311; x_wconf 86' lang='lat' dir='ltr'><strong>mox</strong></span> <span class='ocrx_word' id='word_1_233' title='bbox 884 4227 1034 4311; x_wconf 92' lang='lat' dir='ltr'><strong>editum</strong></span> <span class='ocrx_word' id='word_1_234' title='bbox 1067 4225 1112 4308; x_wconf 89' lang='lat' dir='ltr'><strong>iri</strong></span> <span class='ocrx_word' id='word_1_235' title='bbox 1143 4255 1281 4338; x_wconf 91' lang='lat' dir='ltr'><strong>spero,</strong></span> <span class='ocrx_word' id='word_1_236' title='bbox 1315 4255 1405 4311; x_wconf 93' lang='lat' dir='ltr'><strong>cum</strong></span> <span class='ocrx_word' id='word_1_237' title='bbox 1435 4227 1637 4312; x_wconf 89' lang='lat' dir='ltr'><strong>notissima</strong></span> <span class='ocrx_word' id='word_1_238' title='bbox 1667 4256 1799 4330; x_wconf 88' lang='lat' dir='ltr'><strong>cenae,</strong></span> <span class='ocrx_word' id='word_1_239' title='bbox 1833 4257 1948 4338; x_wconf 91' lang='lat' dir='ltr'><strong>quam</strong></span> <span class='ocrx_word' id='word_1_240' title='bbox 1980 4233 2113 4345; x_wconf 90' lang='lat' dir='ltr'><strong>sepul·</strong></span> 
     </span>
     <span class='ocr_line' id='line_1_25' title="bbox 317 4368 2113 4484; baseline 0.003 -29"><span class='ocrx_word' id='word_1_241' title='bbox 317 4372 460 4456; x_wconf 90' lang='lat' dir='ltr'><strong>cralem</strong></span> <span class='ocrx_word' id='word_1_242' title='bbox 492 4371 621 4455; x_wconf 87' lang='lat' dir='ltr'>dicere</span> <span class='ocrx_word' id='word_1_243' title='bbox 651 4370 798 4468; x_wconf 75' lang='lat' dir='ltr'><strong>solent,</strong></span> <span class='ocrx_word' id='word_1_244' title='bbox 830 4369 1001 4479; x_wconf 88' lang='lat' dir='ltr'><strong>imagine</strong></span> <span class='ocrx_word' id='word_1_245' title='bbox 1033 4398 1177 4454; x_wconf 89' lang='lat' dir='ltr'><strong>nauem</strong></span> <span class='ocrx_word' id='word_1_246' title='bbox 1205 4397 1354 4456; x_wconf 89' lang='lat' dir='ltr'><strong>sacram</strong></span> <span class='ocrx_word' id='word_1_247' title='bbox 1392 4368 1589 4476; x_wconf 89' lang='lat' dir='ltr'><strong>coniungi.</strong></span> <span class='ocrx_word' id='word_1_248' title='bbox 1651 4369 1772 4476; x_wconf 87' lang='lat' dir='ltr'><strong>igitur</strong></span> <span class='ocrx_word' id='word_1_249' title='bbox 1799 4379 1844 4454; x_wconf 88' lang='lat' dir='ltr'><strong>ut</strong></span> <span class='ocrx_word' id='word_1_250' title='bbox 1874 4372 1967 4459; x_wconf 88' lang='lat' dir='ltr'><strong>alias</strong></span> <span class='ocrx_word' id='word_1_251' title='bbox 1998 4403 2113 4484; x_wconf 90' lang='lat' dir='ltr'><strong>equo,</strong></span> 
     </span>
     <span class='ocr_line' id='line_1_26' title="bbox 317 4514 2116 4625; baseline 0.004 -25"><span class='ocrx_word' id='word_1_252' title='bbox 317 4516 371 4602; x_wconf 91' lang='lat' dir='ltr'><strong>sic</strong></span> <span class='ocrx_word' id='word_1_253' title='bbox 399 4515 477 4602; x_wconf 92' lang='lat' dir='ltr'><strong>illie</strong></span> <span class='ocrx_word' id='word_1_254' title='bbox 509 4515 599 4601; x_wconf 90' lang='lat' dir='ltr'><strong>naui</strong></span> <span class='ocrx_word' id='word_1_255' title='bbox 632 4514 747 4600; x_wconf 88' lang='lat' dir='ltr'><strong>diuus</strong></span> <span class='ocrx_word' id='word_1_256' title='bbox 776 4517 827 4599; x_wconf 93' lang='lat' dir='ltr'><strong>ad</strong></span> <span class='ocrx_word' id='word_1_257' title='bbox 859 4515 1006 4625; x_wconf 88' lang='lat' dir='ltr'><strong>patrios</strong></span> <span class='ocrx_word' id='word_1_258' title='bbox 1035 4515 1135 4600; x_wconf 88' lang='lat' dir='ltr'><strong>lares</strong></span> <span class='ocrx_word' id='word_1_259' title='bbox 1167 4516 1356 4600; x_wconf 88' lang='lat' dir='ltr'><strong>deuectus</strong></span> <span class='ocrx_word' id='word_1_260' title='bbox 1387 4522 1462 4614; x_wconf 87' lang='lat' dir='ltr'><strong>est,</strong></span> <span class='ocrx_word' id='word_1_261' title='bbox 1506 4520 1551 4596; x_wconf 90' lang='lat' dir='ltr'><strong>ut</strong></span> <span class='ocrx_word' id='word_1_262' title='bbox 1595 4542 1732 4598; x_wconf 88' lang='lat' dir='ltr'><strong>cenam</strong></span> <span class='ocrx_word' id='word_1_263' title='bbox 1763 4543 1809 4598; x_wconf 87' lang='lat' dir='ltr'><strong>ac</strong></span> <span class='ocrx_word' id='word_1_264' title='bbox 1841 4543 1950 4602; x_wconf 85' lang='lat' dir='ltr'><strong>sacra</strong></span> <span class='ocrx_word' id='word_1_265' title='bbox 1986 4521 2116 4607; x_wconf 88' lang='lat' dir='ltr'><strong>oblate</strong></span> 
     </span>
     <span class='ocr_line' id='line_1_27' title="bbox 316 4655 1411 4770; baseline -0.005 -27"><span class='ocrx_word' id='word_1_266' title='bbox 316 4659 520 4770; x_wconf 90' lang='lat' dir='ltr'><strong>acciperet.</strong></span> <span class='ocrx_word' id='word_1_267' title='bbox 582 4685 710 4768; x_wconf 91' lang='lat' dir='ltr'><strong>neque</strong></span> <span class='ocrx_word' id='word_1_268' title='bbox 739 4657 851 4743; x_wconf 90' lang='lat' dir='ltr'><strong>aliter</strong></span> <span class='ocrx_word' id='word_1_269' title='bbox 886 4657 1026 4766; x_wconf 91' lang='lat' dir='ltr'><strong>genius</strong></span> <span class='ocrx_word' id='word_1_270' title='bbox 1059 4655 1267 4744; x_wconf 88' lang='lat' dir='ltr'><strong>Phoenicis</strong></span> <span class='ocrx_word' id='word_1_271' title='bbox 1298 4655 1411 4741; x_wconf 89' lang='lat' dir='ltr'><strong>illius.</strong></span> 
     </span>
    </p>
   </div>
   <div class='ocr_carea' id='block_1_5' title="bbox 320 4875 616 4884">
    <p class='ocr_par' dir='ltr' id='par_1_6' title="bbox 320 4875 616 4884">
     <span class='ocr_line' id='line_1_28' title="bbox 320 4875 616 4884; baseline 0 -1"><span class='ocrx_word' id='word_1_272' title='bbox 320 4875 616 4884; x_wconf 68' lang='lat'>-—.-—.————--</span> 
     </span>
    </p>
   </div>
   <div class='ocr_carea' id='block_1_6' title="bbox 316 4995 2114 5526">
    <p class='ocr_par' dir='ltr' id='par_1_7' title="bbox 317 4995 2114 5308">
     <span class='ocr_line' id='line_1_29' title="bbox 418 4995 2109 5090; baseline 0.001 -18"><span class='ocrx_word' id='word_1_273' title='bbox 418 5008 449 5090; x_wconf 90' lang='lat' dir='ltr'><strong>l)</strong></span> <span class='ocrx_word' id='word_1_274' title='bbox 473 5005 620 5072; x_wconf 64' lang='lat' dir='ltr'><strong>abbam.</strong></span> <span class='ocrx_word' id='word_1_275' title='bbox 641 5004 697 5070; x_wconf 78' lang='lat' dir='ltr'><strong>der</strong></span> <span class='ocrx_word' id='word_1_276' title='bbox 720 5002 794 5069; x_wconf 80' lang='lat' dir='ltr'><strong>herl.</strong></span> <span class='ocrx_word' id='word_1_277' title='bbox 817 5003 977 5069; x_wconf 70' lang='grc' dir='ltr'><strong>αῖεαᾶαηία</strong></span> <span class='ocrx_word' id='word_1_278' title='bbox 1001 5003 1080 5068; x_wconf 84' lang='grc'>1865</span> <span class='ocrx_word' id='word_1_279' title='bbox 1103 5022 1132 5086; x_wconf 92' lang='lat' dir='ltr'><strong>p.</strong></span> <span class='ocrx_word' id='word_1_280' title='bbox 1153 5004 1212 5067; x_wconf 87' lang='grc'><strong>125</strong></span> <span class='ocrx_word' id='word_1_281' title='bbox 1234 5022 1264 5066; x_wconf 88' lang='lat' dir='ltr'><strong>u.</strong></span> <span class='ocrx_word' id='word_1_282' title='bbox 1281 5004 1341 5068; x_wconf 89' lang='lat'><strong>178</strong></span> <span class='ocrx_word' id='word_1_283' title='bbox 1377 4995 1633 5084; x_wconf 77' lang='grc' dir='ltr'><strong><em>τελευτήσαντός</em></strong></span> <span class='ocrx_word' id='word_1_284' title='bbox 1654 5023 1714 5068; x_wconf 85' lang='grc' dir='ltr'><strong>σου</strong></span> <span class='ocrx_word' id='word_1_285' title='bbox 1739 4998 1777 5066; x_wconf 79' lang='grc' dir='ltr'><strong>τὸ</strong></span> <span class='ocrx_word' id='word_1_286' title='bbox 1799 5005 1895 5086; x_wconf 85' lang='grc' dir='ltr'><strong><em>σῶμα</em></strong></span> <span class='ocrx_word' id='word_1_287' title='bbox 1919 5008 2109 5089; x_wconf 61' lang='lat' dir='ltr'><strong>acoemetas</strong></span> 
     </span>
     <span class='ocr_line' id='line_1_30' title="bbox 319 5101 2114 5204; baseline 0.003 -25"><span class='ocrx_word' id='word_1_288' title='bbox 319 5109 365 5193; x_wconf 74' lang='grc' dir='ltr'><strong>ὥς</strong></span> <span class='ocrx_word' id='word_1_289' title='bbox 385 5113 517 5197; x_wconf 74' lang='grc' dir='ltr'><strong><em>πρέπον</em></strong></span> <span class='ocrx_word' id='word_1_290' title='bbox 538 5115 629 5198; x_wconf 76' lang='grc' dir='ltr'><strong>θεῷ·</strong></span> <span class='ocrx_word' id='word_1_291' title='bbox 653 5113 714 5178; x_wconf 70' lang='lat' dir='ltr'><strong>och</strong></span> <span class='ocrx_word' id='word_1_292' title='bbox 736 5109 772 5176; x_wconf 66' lang='lat' dir='ltr'><strong>ds*</strong></span> <span class='ocrx_word' id='word_1_293' title='bbox 790 5105 829 5176; x_wconf 81' lang='grc' dir='ltr'><strong>τὸ</strong></span> <span class='ocrx_word' id='word_1_294' title='bbox 851 5112 980 5193; x_wconf 78' lang='grc' dir='ltr'><strong><em>πνεῦμα</em></strong></span> <span class='ocrx_word' id='word_1_295' title='bbox 1000 5105 1162 5192; x_wconf 78' lang='grc' dir='ltr'><strong><em>βαστάξας</em></strong></span> <span class='ocrx_word' id='word_1_296' title='bbox 1183 5107 1231 5188; x_wconf 79' lang='grc' dir='ltr'><strong>εἷς</strong></span> <span class='ocrx_word' id='word_1_297' title='bbox 1251 5101 1331 5193; x_wconf 76' lang='grc' dir='ltr'><strong><em>ἇέρα</em></strong></span> <span class='ocrx_word' id='word_1_298' title='bbox 1351 5101 1421 5192; x_wconf 64' lang='grc' dir='ltr'><em>ἔξει</em></span> <span class='ocrx_word' id='word_1_299' title='bbox 1444 5107 1504 5178; x_wconf 76' lang='grc' dir='ltr'><strong>σῦν</strong></span> <span class='ocrx_word' id='word_1_300' title='bbox 1524 5105 1629 5196; x_wconf 76' lang='grc' dir='ltr'><strong><em>αὐτῷ·</em></strong></span> <span class='ocrx_word' id='word_1_301' title='bbox 1653 5108 1701 5189; x_wconf 78' lang='grc' dir='ltr'><strong>εἷς</strong></span> <span class='ocrx_word' id='word_1_302' title='bbox 1722 5107 1781 5197; x_wconf 78' lang='grc' dir='ltr'><strong>γὰρ</strong></span> <span class='ocrx_word' id='word_1_303' title='bbox 1804 5107 1885 5204; x_wconf 78' lang='lat' dir='ltr'><strong>q‘r&#39;dqv</strong></span> <span class='ocrx_word' id='word_1_304' title='bbox 1908 5108 1948 5179; x_wconf 75' lang='grc' dir='ltr'><strong>αι’·</strong></span> <span class='ocrx_word' id='word_1_305' title='bbox 1968 5111 2114 5202; x_wconf 78' lang='grc' dir='ltr'><em>χωρήσει</em></span> 
     </span>
     <span class='ocr_line' id='line_1_31' title="bbox 317 5214 1687 5308; baseline -0.006 -17"><span class='ocrx_word' id='word_1_306' title='bbox 317 5215 427 5308; x_wconf 72' lang='grc' dir='ltr'><strong><em>ἀέριον</em></strong></span> <span class='ocrx_word' id='word_1_307' title='bbox 448 5223 581 5304; x_wconf 74' lang='grc' dir='ltr'><strong><em>πνεῦμα</em></strong></span> <span class='ocrx_word' id='word_1_308' title='bbox 603 5219 770 5288; x_wconf 75' lang='grc' dir='ltr'><strong><em>συσταθὲν</em></strong></span> <span class='ocrx_word' id='word_1_309' title='bbox 791 5221 933 5304; x_wconf 76' lang='grc' dir='ltr'><strong><em>κραταιῷ</em></strong></span> <span class='ocrx_word' id='word_1_310' title='bbox 956 5218 1127 5305; x_wconf 79' lang='grc' dir='ltr'><strong><em>παρέδρῳ·</em></strong></span> <span class='ocrx_word' id='word_1_311' title='bbox 1145 5214 1252 5307; x_wconf 79' lang='grc' dir='ltr'><strong><em>τούτῳ</em></strong></span> <span class='ocrx_word' id='word_1_312' title='bbox 1274 5216 1333 5305; x_wconf 77' lang='grc' dir='ltr'><strong>γὰρ</strong></span> <span class='ocrx_word' id='word_1_313' title='bbox 1354 5215 1485 5286; x_wconf 73' lang='grc' dir='ltr'><strong><em>ἅπαντα</em></strong></span> <span class='ocrx_word' id='word_1_314' title='bbox 1506 5214 1687 5286; x_wconf 77' lang='grc' dir='ltr'><strong><em>ὑπόκειται.</em></strong></span> 
     </span>
    </p>

    <p class='ocr_par' dir='ltr' id='par_1_8' title="bbox 316 5326 2113 5526">
     <span class='ocr_line' id='line_1_32' title="bbox 416 5326 2113 5419; baseline 0.002 -22"><span class='ocrx_word' id='word_1_315' title='bbox 416 5330 451 5416; x_wconf 79' lang='grc'><strong>2)</strong></span> <span class='ocrx_word' id='word_1_316' title='bbox 472 5329 660 5396; x_wconf 85' lang='lat' dir='ltr'><strong>nouissimus</strong></span> <span class='ocrx_word' id='word_1_317' title='bbox 683 5328 721 5394; x_wconf 87' lang='lat' dir='ltr'><strong>de</strong></span> <span class='ocrx_word' id='word_1_318' title='bbox 742 5329 786 5394; x_wconf 89' lang='lat' dir='ltr'><strong>eis</strong></span> <span class='ocrx_word' id='word_1_319' title='bbox 806 5327 968 5394; x_wconf 88' lang='lat' dir='ltr'><strong>Michaelis</strong></span> <span class='ocrx_word' id='word_1_320' title='bbox 990 5326 1165 5410; x_wconf 86' lang='lat' dir='ltr'><strong>disputauit</strong></span> <span class='ocrx_word' id='word_1_321' title='bbox 1186 5331 1339 5397; x_wconf 68' lang='lat' dir='ltr'><strong>modoad.</strong></span> <span class='ocrx_word' id='word_1_322' title='bbox 1360 5331 1429 5396; x_wconf 76' lang='lat' dir='ltr'><strong>scit.</strong></span> <span class='ocrx_word' id='word_1_323' title='bbox 1454 5331 1534 5396; x_wconf 83' lang='lat'>1872</span> <span class='ocrx_word' id='word_1_324' title='bbox 1557 5331 1619 5396; x_wconf 89' lang='lat' dir='ltr'><strong>uel.</strong></span> <span class='ocrx_word' id='word_1_325' title='bbox 1638 5331 1748 5396; x_wconf 84' lang='lat' dir='ltr'>XXIX</span> <span class='ocrx_word' id='word_1_326' title='bbox 1770 5350 1799 5414; x_wconf 91' lang='lat' dir='ltr'><strong>p.</strong></span> <span class='ocrx_word' id='word_1_327' title='bbox 1822 5333 1882 5396; x_wconf 83' lang='lat'><strong>142</strong></span> <span class='ocrx_word' id='word_1_328' title='bbox 1893 5352 1971 5416; x_wconf 91' lang='lat' dir='ltr'><strong>sqq.,</strong></span> <span class='ocrx_word' id='word_1_329' title='bbox 2005 5337 2059 5419; x_wconf 89' lang='lat' dir='ltr'><strong>qui</strong></span> <span class='ocrx_word' id='word_1_330' title='bbox 2081 5339 2113 5401; x_wconf 92' lang='lat' dir='ltr'><strong>et</strong></span> 
     </span>
     <span class='ocr_line' id='line_1_33' title="bbox 316 5435 2111 5526; baseline 0.001 -20"><span class='ocrx_word' id='word_1_331' title='bbox 316 5441 439 5526; x_wconf 80' lang='lat' dir='ltr'><strong>singula</strong></span> <span class='ocrx_word' id='word_1_332' title='bbox 469 5439 672 5505; x_wconf 87' lang='lat' dir='ltr'><strong>monumenta</strong></span> <span class='ocrx_word' id='word_1_333' title='bbox 701 5435 934 5502; x_wconf 85' lang='lat' dir='ltr'><strong>accmatissime</strong></span> <span class='ocrx_word' id='word_1_334' title='bbox 957 5436 1115 5518; x_wconf 84' lang='lat' dir='ltr'><strong>componit</strong></span> <span class='ocrx_word' id='word_1_335' title='bbox 1143 5437 1174 5501; x_wconf 91' lang='lat' dir='ltr'><strong>et</strong></span> <span class='ocrx_word' id='word_1_336' title='bbox 1199 5437 1253 5520; x_wconf 91' lang='lat' dir='ltr'><strong>qui</strong></span> <span class='ocrx_word' id='word_1_337' title='bbox 1281 5439 1355 5502; x_wconf 86' lang='lat' dir='ltr'><strong>ante</strong></span> <span class='ocrx_word' id='word_1_338' title='bbox 1380 5439 1483 5520; x_wconf 89' lang='lat' dir='ltr'><strong>ipsum</strong></span> <span class='ocrx_word' id='word_1_339' title='bbox 1509 5435 1547 5502; x_wconf 91' lang='lat' dir='ltr'><strong>de</strong></span> <span class='ocrx_word' id='word_1_340' title='bbox 1570 5455 1605 5502; x_wconf 84' lang='lat' dir='ltr'><strong>ea</strong></span> <span class='ocrx_word' id='word_1_341' title='bbox 1627 5455 1659 5502; x_wconf 93' lang='lat' dir='ltr'><strong>re</strong></span> <span class='ocrx_word' id='word_1_342' title='bbox 1683 5437 1922 5520; x_wconf 87' lang='lat' dir='ltr'><strong>disputauerint,</strong></span> <span class='ocrx_word' id='word_1_343' title='bbox 1945 5458 1973 5522; x_wconf 91' lang='lat' dir='ltr'><strong>p.</strong></span> <span class='ocrx_word' id='word_1_344' title='bbox 1987 5442 2057 5518; x_wconf 83' lang='grc'><strong>142,</strong></span> <span class='ocrx_word' id='word_1_345' title='bbox 2070 5443 2111 5508; x_wconf 88' lang='grc'><strong>30</strong></span> 
     </span>
    </p>
   </div>
   <div class='ocr_carea' id='block_1_7' title="bbox 316 5553 1813 5712">
    <p class='ocr_par' dir='ltr' id='par_1_9' title="bbox 316 5553 1813 5712">
     <span class='ocr_line' id='line_1_34' title="bbox 316 5553 477 5619; baseline -0.019 0"><span class='ocrx_word' id='word_1_346' title='bbox 316 5553 477 5619; x_wconf 84' lang='lat' dir='ltr'><strong>memorat.</strong></span> 
     </span>
     <span class='ocr_line' id='line_1_35' title="bbox 1797 5661 1813 5712; baseline 0 0"><span class='ocrx_word' id='word_1_347' title='bbox 1797 5661 1813 5712; x_wconf 83' lang='lat'><strong>6</strong></span> 
     </span>
    </p>
   </div>
   <div class='ocr_carea' id='block_1_8' title="bbox 0 0 2566 6390">
    <p class='ocr_par' dir='ltr' id='par_1_10' title="bbox 0 0 2566 6390">
     <span class='ocr_line' id='line_1_36' title="bbox 0 0 2566 6390; baseline 0 0"><span class='ocrx_word' id='word_1_348' title='bbox 0 0 2566 6390; x_wconf 95' lang='lat' dir='ltr'><strong> </strong></span> 
     </span>
    </p>
   </div>
  </div>
 </body>
</html>
