5124 6398
1340 698 1368 785 8

565 944 705 1030 Ordior
735 945 866 1054 igitur,
897 953 941 1028 ut
971 971 1040 1055 par
1071 953 1143 1043 est,
1174 973 1196 1026 a
1229 943 1399 1052 reliquiis
1436 943 1600 1054 assyriis.
1651 946 1698 1030 In
1726 943 1886 1030 obelisci
1916 971 2021 1029 nuno
2048 942 2089 1027 in
2118 969 2256 1028 museo

454 1087 670 1174 britannico
702 1089 900 1175 adseruati
930 1098 1039 1199 parte
1072 1087 1210 1187 antica,
1240 1117 1266 1178 a¹
1291 1090 1467 1196 bayardo
1497 1091 1554 1174 tle
1581 1123 1742 1174 mourua
1784 1089 1903 1173 uoll
1933 1087 2012 1172 tab.
2036 1085 2091 1172 53
2123 1079 2253 1172 edita¹

455 1232 595 1316 siluam
630 1243 858 1319 montanam
890 1231 1024 1317 uideas
1055 1241 1397 1342 repraesentatam,
1437 1230 1505 1315 ubi
1539 1257 1700 1315 ceruum
1738 1231 1853 1314 uitato
1891 1255 2010 1316 eursu
2037 1227 2256 1336 hrgientem

454 1377 629 1485 sequitur
673 1377 735 1462 leo
773 1377 850 1462 iam
887 1375 965 1461 iam
1003 1378 1190 1486 praedam
1230 1385 1368 1462 tenens
1410 1377 1626 1484 dentesque
1667 1374 1871 1482 infligens3
1923 1371 2124 1484 praeeedit
2166 1371 2253 1457 illos

453 1519 551 1606 alter
581 1521 643 1608 leo
673 1521 835 1606 lentiore
867 1547 1018 1628 gressu.
1069 1521 1224 1604 Bouem
1253 1548 1332 1604 nou
1367 1521 1495 1605 minus
1525 1519 1677 1630 trepide
1709 1517 1926 1626 fugientem
1960 1517 2001 1602 in
2031 1514 2252 1628 anaglypho

453 1664 616 1774 egregio
645 1660 961 1775 persepolitano²
1001 1664 1064 1748 leo
1102 1661 1311 1772 prehendit
1354 1663 1552 1769 unguibus
1591 1662 1708 1748 simul
1748 1672 1787 1748 et
1831 1660 2015 1748 dentibus
2047 1663 2164 1748 dorso
2192 1660 2252 1745 in-

454 1807 587 1896 cussis.
650 1807 812 1919 Saepius
851 1807 989 1893 similia
1027 1809 1195 1890 redeunt
1235 1806 1335 1890 inter
1372 1815 1598 1891 ornamenta
1636 1807 1806 1892 uestium
1844 1803 1951 1890 haud
1992 1805 2071 1891 seio
2102 1835 2152 1890 an
2180 1833 2254 1889 auu

452 1951 645 2062 pictarum
654 1948 683 2052 ³,
717 1951 850 2060 quales
881 1951 956 2036 illio
988 1951 1051 2034 dei
1081 1977 1275 2059 regesque
1307 1961 1462 2057 gerunt.
1513 1950 1569 2035 sio
1605 1952 1710 2061 apud
1743 1952 1965 2059 Lapurdum
1997 1949 2023 2033 l.
2056 1979 2084 2036 s.
2117 1951 2137 2033 l
2172 1951 2252 2034 tab.

452 2097 566 2198 46,1
598 2097 671 2182 bos
702 2096 900 2180 unieornis
930 2097 980 2180 ad
1009 2097 1186 2179 dextram
1216 2121 1429 2204 properans
1463 2097 1626 2181 aleoue
1658 2095 1819 2207 eapitm‚
1851 2095 1950 2179 alter
1969 2095 2042 2180 bos
2062 2095 2251 2201 sequitur,

453 2238 520 2347 qui
552 2238 678 2349 eapite
714 2264 838 2348 prono
868 2238 919 2321 ad
950 2263 1125 2346 pugnam
1156 2246 1314 2346 paratus
1344 2237 1499 2324 leonem
1529 2240 1682 2324 deicere
1722 2250 1896 2324 conatur.
1962 2238 2056 2324 ibid.
2088 2248 2116 2322 t.
2137 2237 2249 2340 482

451 2382 513 2467 leo
558 2391 713 2466 taurum
757 2381 938 2492 opprimit
975 2381 1188 2466 aduersum
1227 2379 1399 2484 adortus
1448 2386 1526 2469 tab.
1550 2386 1668 2486 45,2
1717 2353 1995 2496 properantem
2039 2383 2248 2468 insecutus.

451 2553 565 2637 porro
596 2527 674 2611 duo
701 2522 872 2635 gryphes
902 2526 955 2610 ib.
982 2535 1010 2609 t.
1031 2525 1142 2626 46,2
1175 2527 1388 2610 demadem
1417 2531 1600 2635 lugaoem
1632 2529 1873 2630 adoriuntur,
1902 2537 1930 2612 t.
1953 2524 2065 2626 aab
2090 2553 2251 2636 caprum

451 2673 535 2758 siue
557 2674 769 2758 demadem
790 2673 1025 2783 opprimunt.
1059 2673 1170 2757 Haeo
1200 2674 1329 2758 omnia
1362 2671 1480 2756 etiam
1509 2671 1691 2757 liberiore
1722 2671 1882 2758 arbitrio
1913 2669 2081 2756 artifices
2113 2673 2251 2756 eredas

450 2817 555 2904 uasis
586 2817 719 2902 aeneis
749 2827 788 2903 et
818 2817 1001 2901 fiothibus
1031 2815 1271 2904 adhibuisse.
1319 2847 1368 2902 ex
1400 2843 1476 2926 quo
1508 2843 1653 2924 genere
1684 2816 1815 2926 patina
1844 2843 1966 2899 aenea
1997 2815 2038 2899 in
2067 2823 2251 2925 promptu

451 2969 522 3062 est,
568 2960 609 3043 in
642 2960 769 3071 elupei
800 2961 962 3045 modum
991 2960 1194 3056 formata4,
1246 2961 1356 3048 ouius
1388 2963 1525 3046 orbem
1562 2969 1781 3044 extremum
1817 2971 1897 3045 tres
1928 2958 2061 3043 oirouli
2091 2957 2251 3043 belluati

450 3106 656 3190 ambeunt:
686 3104 726 3188 iu
746 3103 878 3188 medio
909 3103 1052 3189 oiroulo
1087 3115 1241 3216 praeter
1272 3105 1347 3189 alia
1377 3103 1557 3187 animalia
1588 3103 1804 3210 gradientia
1835 3101 2010 3212 leopardi
2043 3102 2121 3185 duo
2151 3103 2250 3185 duo-

451 3277 526 3358 que
563 3250 697 3334 leones
737 3245 972 3332 exhibentur
1008 3249 1121 3333 binos
1161 3249 1283 3336 boues
1321 3249 1501 3356 aggressi
1538 3246 1593 3334 sio
1636 3257 1680 3331 ut
1717 3245 1928 3356 utrubique
1971 3246 2091 3332 altera
2122 3244 2251 3330 bestia

450 3395 675 3490 aduersum,
706 3421 890 3477 auersum
920 3392 1040 3476 altera
1072 3393 1215 3477 bouem
1248 3392 1465 3503 corripiant.

548 3537 652 3622 Hine
698 3537 880 3645 frequens
917 3535 1081 3622 imitatio
1117 3567 1141 3620 a
1180 3534 1444 3622 Phoenicibus
1486 3537 1538 3620 ad
1580 3537 1751 3620 Graecos
1794 3543 1951 3619 ueteres
1983 3535 2249 3643 Etruscosque

448 3691 663 3792 propagata
692 3690 763 3765 est.
831 3689 871 3765 et
903 3691 947 3765 ut
984 3681 1024 3765 iu
1054 3677 1284 3790 anaglyphis
1313 3680 1389 3765 illis
1418 3690 1553 3765 uestes
1583 3680 1774 3790 pretiosas
1806 3679 2021 3764 bestiarum
2052 3679 2248 3789 sympleg-

449 3825 565 3911 matis
601 3825 803 3911 distinctas
840 3824 1023 3924 uidimus,
1073 3823 1129 3910 sio
1164 3824 1435 3934 peristromata
1476 3836 1516 3910 et
1556 3824 1711 3935 tapetia,
1759 3852 1858 3933 quae
1891 3823 1984 3908 olim
2015 3823 2249 3908 oommeroio

448 3968 693 4054 Phoenioum
733 3995 782 4052 ex
820 3967 1044 4076 Babylonia,
1092 3977 1180 4078 post
1217 3968 1452 4054 Alexandria
1492 3969 1621 4054 delata
1658 3969 1798 4054 Graeci
1838 3968 2003 4075 Italique
2045 3968 2127 4079 pari
2167 3977 2248 4054 stu-

382 4105 385 4112 ’
449 4115 514 4199 dio
555 4115 843 4224 comparabant,
896 4114 1036 4197 eodem
1075 4113 1292 4197 ornamenti
1339 4138 1484 4220 genere
1528 4115 1791 4224 praestabant,
1842 4121 1885 4197 ut
1920 4111 2089 4196 belluata
2127 4111 2245 4196 latine

450 4377 750 4388 ο----.---

448 4543 520 4610 Par.
546 4543 626 4608 1848
656 4542 734 4623 (siue
758 4544 846 4608 mem.
871 4543 910 4608 de
938 4540 1119 4608 t’acadenie
1144 4542 1198 4607 der
1225 4543 1430 4625 tmerabtioua
1458 4542 1520 4608 uol.
1543 4542 1645 4622 XVII,
1661 4544 1692 4622 2)
1721 4561 1749 4626 p.
1768 4543 1827 4608 107
1847 4562 1914 4626 sqq.
1947 4544 1978 4608 et
2007 4542 2093 4608 Felix
2123 4541 2247 4625 hajard

447 4651 623 4718 recherches
643 4672 699 4718 aur
722 4652 750 4718 te
771 4652 860 4734 cutte,
892 4651 938 4718 les
957 4650 1119 4734 sauata,
1152 4651 1196 4718 lea
1215 4651 1363 4718 attributa
1383 4658 1412 4718 et
1433 4653 1478 4718 les
1499 4657 1694 4718 aununwnts
1711 4653 1830 4736 fiyure's
1851 4651 1890 4717 de
1919 4651 2022 4716 Venus
2043 4651 2127 4732 (Par.
2150 4651 2246 4732 1837)
2366 4691 2371 4698 -

447 4781 476 4846 p.
498 4761 558 4825 119
570 4780 637 4844 sqq.
659 4762 723 4842 (uel
746 4761 902 4828 nouvelles
923 4760 1055 4827 enodes
1076 4761 1115 4826 de
1134 4759 1282 4826 l'irrotitut
1302 4761 1434 4828 maleel.
1459 4763 1490 4827 Il
1512 4781 1541 4845 p.
1556 4762 1617 4826 397
1630 4760 1723 4844 sqq).

550 4871 581 4950 1)
603 4869 643 4934 ef.
666 4869 702 4936 G.
725 4870 915 4946 Raulinson,
954 4869 1003 4935 tle
1027 4869 1087 4950 five
1114 4875 1205 4952 yreot
1231 4871 1425 4938 monarchias
1452 4871 1490 4952 of
1512 4869 1562 4935 the
1594 4870 1717 4936 anama
1745 4876 1867 4936 austera
1888 4869 1989 4934 world
2016 4867 2126 4950 (hond.
2151 4867 2246 4948 1871)

447 4977 508 5043 uol.
532 4979 548 5043 I
592 4979 683 5044 266.
1196 5025 1200 5034 ‚

546 4998 590 5169 21)
600 5087 699 5153 edidit
716 5087 753 5151 R.
776 5087 840 5152 Ker
862 5088 981 5164 Porter,
1014 5087 1130 5154 troveto
1148 5089 1185 5152 in
1207 5087 1345 5172 Θεωρία
1366 5091 1438 5154 eett.
1462 5089 1556 5155 uoll
1586 5091 1650 5156 tab.
1666 5090 1717 5168 35,
1756 5088 1790 5152 F.
1815 5086 1939 5173 lajard
1972 5086 2051 5154 culte
2082 5087 2120 5153 de
2143 5087 2246 5154 Venus

446 5197 512 5263 tub.
528 5196 600 5276 Vll,
624 5198 651 5261 1.
1379 5247 1381 5256 ,

546 5307 580 5384 3)
602 5305 641 5371 ef.
664 5304 822 5370 Martialis
843 5305 917 5369 XIV
942 5307 1002 5369 150
1022 5298 1120 5370 ‘uiola
1143 5309 1191 5370 est
1211 5308 1332 5388 pertine
1352 5309 1466 5374 niliaco
1487 5310 1551 5376 iam
1574 5308 1787 5392 babylonis
1810 5296 1921 5374 euus'.

545 5415 579 5498 4)
602 5414 724 5498 bayard
745 5415 766 5479 1.
788 5431 812 5478 s.
835 5413 1046 5479 10111160
1068 5413 1107 5479 el.
1128 5414 1221 5494 idem,
1250 5415 1433 5484 damnator
1456 5437 1486 5502 p.
1504 5419 1564 5484 183
1578 5436 1623 5500 sq.
1648 5437 1678 5482 n.
1692 5419 1722 5481 2.
