5124 6398
452 1956 553 2070 (lum
595 1989 698 2064 artes
734 1978 1028 2084 litterarumque
1067 1974 1197 2062 studia
1240 2003 1319 2060 non
1362 1976 1604 2086 singularum
1645 1989 1836 2066 terrarum
1872 1982 2151 2100 nationumque

353 2126 495 2212 finibus
537 2121 793 2210 cohibeantur
829 2123 901 2208 sed
939 2147 1010 2232 per
1046 2127 1173 2204 totum
1214 2122 1350 2222 orbem
1391 2151 1493 2231 uaga
1529 2129 1666 2212 sedem
1698 2129 1833 2235 figant,
1884 2126 2150 2234 ubicumque

352 2279 442 2356 sunt
483 2270 549 2378 qui
578 2295 673 2354 uera
709 2273 907 2376 quaerant,
949 2291 1066 2350 nemo
1103 2264 1277 2374 profecto
1309 2292 1387 2350 non
1421 2267 1634 2382 mirabitur,
1678 2273 1784 2379 quod
1820 2278 2027 2380 postquam
2063 2269 2150 2354 rri-

352 2415 506 2500 dericus
538 2413 742 2519 Augustus
771 2411 936 2498 Wolfius
976 2411 1025 2493 de
1063 2408 1299 2493 carminibus
1332 2411 1552 2500 Homericis
1593 2415 1860 2523 quaestionem
1900 2415 2023 2498 mouit
2059 2439 2148 2520 gre-

351 2556 551 2643 uissimam
581 2581 710 2662 neque
739 2553 866 2638 solum
886 2551 1123 2660 antiquitatis
1142 2577 1306 2659 graecae
1336 2554 1473 2640 studiis
1494 2557 1764 2659 necessariam,
1796 2558 1897 2642 intra
1917 2558 2149 2642 Germaniae

351 2704 447 2787 fines
488 2698 560 2784 uiri
603 2699 706 2783 docti
744 2695 926 2807 permulti
967 2665 1191 2780 ductoribus
1228 2705 1317 2805 post
1346 2697 1532 2784 Wolfium
1570 2701 1814 2812 potissimum
1851 2699 1988 2784 Oarolo
2021 2699 2150 2786 Lach-

350 2872 493 2931 manuo
540 2854 579 2928 et
625 2839 808 2953 Adelpho
853 2835 1098 2926 Kirchhoffio
1155 2839 1477 2928 Berolinensibus
1528 2843 1568 2928 iu
1614 2845 1889 2954 inuestigande
1933 2845 2147 2930 carminum

348 2993 503 3077 illorum
542 2988 692 3097 origine
732 2985 907 3072 certatim
948 3011 1034 3072 sese
1066 2982 1327 3068 exercitaruut
1356 2995 1629 3096 exercentque,
1667 2992 1772 3100 apud
1805 2997 1959 3074 exteros
1987 2990 2028 3072 id
2065 2999 2149 3075 stu·

352 3136 460 3219 dium
489 3136 665 3240 languet,
698 3133 819 3217 immo
849 3132 957 3216 iacet.
989 3131 1126 3239 Ipsum
1156 3129 1256 3213 adeo
1285 3129 1480 3214 Davidem
1500 3129 1795 3233 Ruhnkenium,
1829 3132 1957 3218 uirum
1988 3132 2149 3218 immor-

350 3280 479 3380 talem,
527 3277 629 3361 uitae
670 3304 758 3377 usu,
799 3275 1011 3386 disciplina,
1057 3272 1204 3358 meritis
1242 3283 1430 3376 uestrum,
1476 3277 1600 3388 petria
1640 3287 1830 3378 nostrum,
1882 3306 2000 3387 quem
2048 3279 2148 3364 inter

349 3423 624 3532 grammaticos
662 3449 785 3506 unum
816 3419 982 3507 Wolfius
1019 3419 1184 3526 dignum
1222 3417 1508 3504 existimauerat
1545 3420 1610 3528 qui
1642 3422 1692 3506 de
1723 3421 2012 3530 prolegomenis
2045 3422 2148 3507 iudi-

351 3576 467 3670 caret,
501 3574 651 3652 constat
680 3565 852 3672 ingenue
883 3566 1104 3674 professum
1135 3591 1234 3665 esse,
1279 3591 1321 3648 se
1357 3564 1452 3646 dum
1481 3563 1644 3670 legeret,
1683 3565 1873 3667 assentiri,
1908 3593 1999 3650 cum
2028 3593 2147 3675 posu-

351 3713 444 3798 isset
480 3711 635 3808 librum,
679 3737 836 3794 omnem
868 3695 974 3797 illam
1013 3706 1280 3794 assensionem
1316 3707 1446 3793 animo
1479 3708 1589 3794 elabi.
1651 3710 1791 3819 Neque
1829 3738 1942 3796 secus
1972 3710 2064 3794 inde
2096 3713 2146 3795 ab

348 3855 413 3939 illo
450 3864 628 3965 tempore
660 3881 751 3938 oum
788 3854 893 3962 apud
925 3878 995 3936 uos
1027 3860 1110 3935 tum
1143 3853 1248 3961 apud
1274 3851 1425 3959 Anglos
1448 3852 1581 3938 Gallos
1602 3854 1719 3939 Italos
1752 3854 1964 3940 doctissimi
2003 3855 2146 3963 quique

348 4007 416 4084 aut
446 4025 582 4082 omnes
614 4007 681 4080 out
716 3995 893 4106 plerique
927 3995 1070 4080 sentire
1108 3994 1304 4081 uidentur.
1365 4005 1481 4104 atque
1521 3997 1562 4080 in
1600 3997 1686 4107 ipsa
1725 4006 1856 4083 uestra
1894 3998 2147 4082 uniuersitate

349 4145 420 4229 uiri
458 4141 770 4228 excellentissimi
803 4138 975 4226 Oobetus
1012 4148 1051 4222 et
1081 4139 1332 4246 Pluygersius
1372 4141 1468 4223 dum
1510 4140 1684 4225 studium
1726 4140 2023 4224 saluberrimum
2060 4141 2145 4224 Ho-

348 4315 457 4372 mero
494 4285 696 4387 adhibent,
738 4285 779 4368 in
814 4285 890 4369 hoc
927 4283 1198 4392 quaestionum
1238 4309 1365 4390 genus
1401 4283 1610 4368 uoluerunt
1654 4283 1871 4392 exspatiari.
1938 4281 2057 4369 Cuius
2090 4283 2147 4370 rei

349 4459 525 4519 caussam
566 4431 725 4515 ubinam
766 4427 1011 4514 censebimus
1050 4427 1217 4537 positam
1258 4455 1345 4513 esse
1384 4427 1458 4513 nisi
1495 4427 1536 4512 in
1575 4427 1696 4537 ipsius
1731 4427 1950 4534 argumenti
1982 4429 2145 4514 natural

349 4576 455 4682 quod
495 4573 787 4659 difficultatibus
829 4579 886 4654 tot
924 4571 1119 4678 tantisque
1157 4571 1307 4655 laborat
1351 4577 1390 4653 et
1430 4571 1664 4656 obscuritate
1703 4569 1893 4681 premitur
1938 4577 2055 4672 tauta„
2103 4582 2148 4657 ut

347 4716 561 4804 temerariis
600 4715 882 4822 coniectoribus
923 4714 1112 4822 uenisque
1157 4713 1283 4800 ariolis
1316 4723 1515 4823 tamquam
1554 4713 1673 4799 uilem
1709 4714 1895 4824 praedam
1924 4713 2145 4822 relinquere

346 4861 485 4946 merito
518 4861 733 4957 videantur,
784 4859 848 4968 qui
879 4859 919 4942 in
949 4855 1011 4943 his
1041 4856 1178 4943 litteris
1208 4858 1353 4967 pedem
1388 4854 1462 4942 nisi
1492 4866 1642 4942 certum
1674 4882 1753 4940 uon
1787 4854 1960 4964 proferre
1998 4853 2146 4940 didice-

348 5004 435 5087 rint.
499 5003 614 5107 Quod
643 5002 675 5088 si
707 5003 792 5112 quis
828 5009 1003 5086 uestrum
1042 5009 1193 5086 uastam
1221 4999 1324 5084 hanc
1359 5001 1510 5110 copiam
1547 4999 1734 5084 librorum
1767 5007 1805 5083 et
1838 4999 2144 5109 disputationum

347 5145 646 5246 homericarum,
693 5147 826 5254 quales
865 5145 906 5228 in
938 5145 1147 5230 Germania
1177 5145 1384 5254 quotannis
1417 5144 1540 5230 emitti
1584 5144 1723 5246 solent,
1765 5171 1883 5229 ausus
1921 5143 1971 5230 sit
2012 5145 2144 5254 perlu-

345 5301 479 5392 strare,
513 5317 588 5398 ego
620 5289 780 5398 quidem
809 5315 889 5373 non
917 5291 1122 5397 grauabor,
1154 5289 1186 5375 si
1218 5317 1373 5375 summo
1403 5297 1605 5400 correptus
1634 5288 1764 5373 taedio
1793 5288 1867 5372 ista
1897 5287 2142 5394 germanicae

345 5435 566 5522 subtilitatis
595 5433 807 5548 specimina
842 5435 961 5542 longe
995 5433 1217 5520 obiecturus
1254 5434 1461 5542 minusque
1494 5434 1572 5518 iem
1604 5434 1653 5517 dc
1683 5432 1805 5520 sancti
1835 5431 1938 5517 illius
1971 5430 2143 5542 corporis

1823 5573 1836 5622 1
