<?xml version="1.0" encoding="UTF-8"?>
<!DOCTYPE html PUBLIC "-//W3C//DTD XHTML 1.0 Transitional//EN"
    "http://www.w3.org/TR/xhtml1/DTD/xhtml1-transitional.dtd">
<html xmlns="http://www.w3.org/1999/xhtml" xml:lang="en" lang="en">
 <head>
  <title>
</title>
<meta http-equiv="Content-Type" content="text/html;charset=utf-8" />
  <meta name='ocr-system' content='tesseract 3.04.00' />
  <meta name='ocr-capabilities' content='ocr_page ocr_carea ocr_par ocr_line ocrx_word'/>
</head>
<body>
  <div class='ocr_page' id='page_1' title='image "./deiliadiscarmin00usengoog_0022.png"; bbox 0 0 5124 6398; ppageno 0'>
   <div class='ocr_carea' id='block_1_1' title="bbox 1188 695 1307 789">
    <p class='ocr_par' dir='ltr' id='par_1_1' title="bbox 1188 695 1307 789">
     <span class='ocr_line' id='line_1_1' title="bbox 1188 695 1307 789; baseline -0.008 0"><span class='ocrx_word' id='word_1_1' title='bbox 1188 695 1307 789; x_wconf 82' lang='lat'>15&#39;</span> 
     </span>
    </p>
   </div>
   <div class='ocr_carea' id='block_1_2' title="bbox 194 937 2167 3221">
    <p class='ocr_par' dir='ltr' id='par_1_2' title="bbox 306 937 2167 2064">
     <span class='ocr_line' id='line_1_2' title="bbox 315 937 2117 1064; baseline 0.004 -35"><span class='ocrx_word' id='word_1_2' title='bbox 315 943 453 1032; x_wconf 89' lang='lat' dir='ltr'>uideas</span> <span class='ocrx_word' id='word_1_3' title='bbox 482 954 620 1054; x_wconf 88' lang='lat' dir='ltr'>aperto</span> <span class='ocrx_word' id='word_1_4' title='bbox 652 937 718 1030; x_wconf 84' lang='lat' dir='ltr'>cre</span> <span class='ocrx_word' id='word_1_5' title='bbox 748 953 927 1055; x_wconf 87' lang='lat' dir='ltr'>paratum</span> <span class='ocrx_word' id='word_1_6' title='bbox 958 945 1008 1030; x_wconf 92' lang='lat' dir='ltr'>ad</span> <span class='ocrx_word' id='word_1_7' title='bbox 1040 949 1275 1050; x_wconf 77' lang='lat' dir='ltr'>necandum,</span> <span class='ocrx_word' id='word_1_8' title='bbox 1306 950 1339 1036; x_wconf 93' lang='lat' dir='ltr'>si</span> <span class='ocrx_word' id='word_1_9' title='bbox 1370 951 1457 1064; x_wconf 88' lang='lat' dir='ltr'>quis</span> <span class='ocrx_word' id='word_1_10' title='bbox 1488 951 1660 1060; x_wconf 86' lang='lat' dir='ltr'>quietem</span> <span class='ocrx_word' id='word_1_11' title='bbox 1690 952 1810 1034; x_wconf 88' lang='lat' dir='ltr'>deum</span> <span class='ocrx_word' id='word_1_12' title='bbox 1839 950 2014 1036; x_wconf 83' lang='lat' dir='ltr'>uranium</span> <span class='ocrx_word' id='word_1_13' title='bbox 2033 961 2117 1036; x_wconf 90' lang='lat' dir='ltr'>tur·-</span> 
     </span>
     <span class='ocr_line' id='line_1_3' title="bbox 315 1087 2116 1200; baseline 0.003 -28"><span class='ocrx_word' id='word_1_14' title='bbox 315 1090 407 1174; x_wconf 89' lang='lat' dir='ltr'>bare</span> <span class='ocrx_word' id='word_1_15' title='bbox 440 1087 546 1174; x_wconf 88' lang='lat' dir='ltr'>uelit.</span> <span class='ocrx_word' id='word_1_16' title='bbox 581 1090 718 1198; x_wconf 89' lang='lat' dir='ltr'>Itaque</span> <span class='ocrx_word' id='word_1_17' title='bbox 749 1089 908 1174; x_wconf 89' lang='lat' dir='ltr'>leonum</span> <span class='ocrx_word' id='word_1_18' title='bbox 940 1090 1120 1200; x_wconf 86' lang='lat' dir='ltr'>sepulcro</span> <span class='ocrx_word' id='word_1_19' title='bbox 1149 1102 1218 1178; x_wconf 87' lang='lat' dir='ltr'>aut</span> <span class='ocrx_word' id='word_1_20' title='bbox 1248 1091 1518 1178; x_wconf 90' lang='lat' dir='ltr'>incubantium</span> <span class='ocrx_word' id='word_1_21' title='bbox 1538 1103 1607 1178; x_wconf 90' lang='lat' dir='ltr'>aut</span> <span class='ocrx_word' id='word_1_22' title='bbox 1627 1093 1893 1178; x_wconf 82' lang='lat' dir='ltr'>adstantium¹</span> <span class='ocrx_word' id='word_1_23' title='bbox 1925 1093 2116 1179; x_wconf 88' lang='lat' dir='ltr'>rationem</span> 
     </span>
     <span class='ocr_line' id='line_1_4' title="bbox 313 1234 2116 1348; baseline 0.002 -30"><span class='ocrx_word' id='word_1_24' title='bbox 313 1261 392 1318; x_wconf 91' lang='lat' dir='ltr'>non</span> <span class='ocrx_word' id='word_1_25' title='bbox 423 1234 621 1320; x_wconf 88' lang='lat' dir='ltr'>diuersam</span> <span class='ocrx_word' id='word_1_26' title='bbox 653 1261 740 1318; x_wconf 90' lang='lat' dir='ltr'>esse</span> <span class='ocrx_word' id='word_1_27' title='bbox 773 1243 927 1343; x_wconf 78' lang='lat' dir='ltr'>oportet</span> <span class='ocrx_word' id='word_1_28' title='bbox 958 1243 1186 1320; x_wconf 79' lang='lat' dir='ltr'><strong>statuamus.</strong></span> <span class='ocrx_word' id='word_1_29' title='bbox 1217 1240 1322 1345; x_wconf 90' lang='lat' dir='ltr'>quod</span> <span class='ocrx_word' id='word_1_30' title='bbox 1355 1237 1460 1322; x_wconf 92' lang='lat' dir='ltr'>enim</span> <span class='ocrx_word' id='word_1_31' title='bbox 1491 1266 1581 1323; x_wconf 90' lang='lat' dir='ltr'>eum</span> <span class='ocrx_word' id='word_1_32' title='bbox 1612 1249 1792 1323; x_wconf 89' lang='lat' dir='ltr'>ornatum</span> <span class='ocrx_word' id='word_1_33' title='bbox 1822 1265 2116 1348; x_wconf 78' lang='lat' dir='ltr'>nonnumquam</span> 
     </span>
     <span class='ocr_line' id='line_1_5' title="bbox 306 1375 2116 1506; baseline 0.005 -49"><span class='ocrx_word' id='word_1_34' title='bbox 306 1375 388 1506; x_wconf 33' lang='lat' dir='ltr'>,alia</span> <span class='ocrx_word' id='word_1_35' title='bbox 428 1404 566 1462; x_wconf 85' lang='lat' dir='ltr'>caussa</span> <span class='ocrx_word' id='word_1_36' title='bbox 601 1375 838 1475; x_wconf 80' lang='lat' dir='ltr'>asciuerunt</span> <span class='ocrx_word' id='word_1_37' title='bbox 884 1385 929 1460; x_wconf 90' lang='lat' dir='ltr'>ut</span> <span class='ocrx_word' id='word_1_38' title='bbox 966 1403 1110 1462; x_wconf 89' lang='lat' dir='ltr'>nomen</span> <span class='ocrx_word' id='word_1_39' title='bbox 1142 1379 1317 1464; x_wconf 75' lang='lat' dir='ltr'>defuncti</span> <span class='ocrx_word' id='word_1_40' title='bbox 1349 1381 1431 1466; x_wconf 90' lang='lat' dir='ltr'>siue</span> <span class='ocrx_word' id='word_1_41' title='bbox 1471 1391 1514 1466; x_wconf 90' lang='lat' dir='ltr'>nt</span> <span class='ocrx_word' id='word_1_42' title='bbox 1548 1381 1817 1468; x_wconf 84' lang='lat' dir='ltr'>fortitudinem</span> <span class='ocrx_word' id='word_1_43' title='bbox 1853 1381 2072 1468; x_wconf 90' lang='lat' dir='ltr'>indicarent</span> <span class='ocrx_word' id='word_1_44' title='bbox 2085 1384 2116 1466; x_wconf 75' lang='lat'>2.</span> 
     </span>
     <span class='ocr_line' id='line_1_6' title="bbox 315 1519 2167 1639; baseline 0.005 -36"><span class='ocrx_word' id='word_1_45' title='bbox 315 1519 438 1631; x_wconf 91' lang='lat' dir='ltr'>inepti</span> <span class='ocrx_word' id='word_1_46' title='bbox 479 1548 668 1620; x_wconf 87' lang='lat' dir='ltr'>essemus,</span> <span class='ocrx_word' id='word_1_47' title='bbox 723 1519 755 1604; x_wconf 92' lang='lat' dir='ltr'>si</span> <span class='ocrx_word' id='word_1_48' title='bbox 794 1548 945 1604; x_wconf 91' lang='lat' dir='ltr'>morem</span> <span class='ocrx_word' id='word_1_49' title='bbox 981 1519 1104 1607; x_wconf 92' lang='lat' dir='ltr'>multo</span> <span class='ocrx_word' id='word_1_50' title='bbox 1147 1522 1264 1610; x_wconf 90' lang='lat' dir='ltr'>latius</span> <span class='ocrx_word' id='word_1_51' title='bbox 1304 1524 1506 1636; x_wconf 80' lang='lat' dir='ltr'>patenten&#39;r</span> <span class='ocrx_word' id='word_1_52' title='bbox 1542 1525 1854 1611; x_wconf 87' lang='lat' dir='ltr'>existimaremus</span> <span class='ocrx_word' id='word_1_53' title='bbox 1894 1526 2025 1639; x_wconf 88' lang='lat' dir='ltr'>potios</span> <span class='ocrx_word' id='word_1_54' title='bbox 2067 1555 2115 1612; x_wconf 83' lang='lat' dir='ltr'>ex</span> <span class='ocrx_word' id='word_1_55' title='bbox 2162 1568 2167 1585; x_wconf 87' lang='grc'><em>·</em></span> 
     </span>
     <span class='ocr_line' id='line_1_7' title="bbox 315 1663 2114 1780; baseline 0.002 -32"><span class='ocrx_word' id='word_1_56' title='bbox 315 1663 502 1772; x_wconf 76' lang='lat' dir='ltr'>singulari</span> <span class='ocrx_word' id='word_1_57' title='bbox 525 1693 616 1749; x_wconf 88' lang='lat' dir='ltr'>casu</span> <span class='ocrx_word' id='word_1_58' title='bbox 637 1673 778 1762; x_wconf 82' lang='lat' dir='ltr'>ortum.</span> <span class='ocrx_word' id='word_1_59' title='bbox 812 1691 928 1772; x_wconf 89' lang='lat' dir='ltr'>quam</span> <span class='ocrx_word' id='word_1_60' title='bbox 957 1668 1006 1750; x_wconf 91' lang='lat' dir='ltr'>ab</span> <span class='ocrx_word' id='word_1_61' title='bbox 1027 1665 1241 1752; x_wconf 89' lang='lat' dir='ltr'>artificibus</span> <span class='ocrx_word' id='word_1_62' title='bbox 1270 1666 1474 1777; x_wconf 90' lang='lat' dir='ltr'>poetisquc</span> <span class='ocrx_word' id='word_1_63' title='bbox 1495 1667 1592 1754; x_wconf 89' lang='lat' dir='ltr'>scite</span> <span class='ocrx_word' id='word_1_64' title='bbox 1625 1677 1663 1753; x_wconf 92' lang='lat' dir='ltr'>et</span> <span class='ocrx_word' id='word_1_65' title='bbox 1693 1669 1822 1780; x_wconf 90' lang='lat' dir='ltr'>lepide</span> <span class='ocrx_word' id='word_1_66' title='bbox 1844 1671 1896 1754; x_wconf 88' lang='lat' dir='ltr'>ad</span> <span class='ocrx_word' id='word_1_67' title='bbox 1918 1668 2114 1780; x_wconf 77' lang='lat' dir='ltr'>duplicem</span> 
     </span>
     <span class='ocr_line' id='line_1_8' title="bbox 314 1807 2116 1925; baseline 0.003 -31"><span class='ocrx_word' id='word_1_68' title='bbox 314 1807 638 1916; x_wconf 83' lang='lat' dir='ltr'>significationem</span> <span class='ocrx_word' id='word_1_69' title='bbox 669 1811 906 1894; x_wconf 89' lang='lat' dir='ltr'>traductum.</span> <span class='ocrx_word' id='word_1_70' title='bbox 970 1809 1064 1918; x_wconf 92' lang='lat' dir='ltr'>quid</span> <span class='ocrx_word' id='word_1_71' title='bbox 1094 1811 1156 1895; x_wconf 95' lang='lat' dir='ltr'>leo</span> <span class='ocrx_word' id='word_1_72' title='bbox 1188 1811 1393 1920; x_wconf 79' lang='lat' dir='ltr'>significet,</span> <span class='ocrx_word' id='word_1_73' title='bbox 1424 1813 1508 1924; x_wconf 88' lang='lat' dir='ltr'>ipse</span> <span class='ocrx_word' id='word_1_74' title='bbox 1538 1815 1644 1924; x_wconf 92' lang='lat' dir='ltr'>apud</span> <span class='ocrx_word' id='word_1_75' title='bbox 1678 1812 1922 1900; x_wconf 83' lang='lat' dir='ltr'>Simonidem</span> <span class='ocrx_word' id='word_1_76' title='bbox 1953 1814 2116 1925; x_wconf 78' lang='lat' dir='ltr'>simplici</span> 
     </span>
     <span class='ocr_line' id='line_1_9' title="bbox 315 1953 1547 2064; baseline 0.002 -26"><span class='ocrx_word' id='word_1_77' title='bbox 315 1955 439 2039; x_wconf 90' lang='lat' dir='ltr'>uerbo</span> <span class='ocrx_word' id='word_1_78' title='bbox 470 1962 509 2040; x_wconf 89' lang='lat' dir='ltr'>et</span> <span class='ocrx_word' id='word_1_79' title='bbox 539 1963 675 2064; x_wconf 90' lang='lat' dir='ltr'>aperto</span> <span class='ocrx_word' id='word_1_80' title='bbox 702 1953 871 2038; x_wconf 88' lang='lat' dir='ltr'>indicat:</span> <span class='ocrx_word' id='word_1_81' title='bbox 907 1962 1065 2064; x_wconf 74' lang='grc' dir='ltr'><strong>φρουρώ,</strong></span> <span class='ocrx_word' id='word_1_82' title='bbox 1103 1955 1248 2040; x_wconf 88' lang='lat' dir='ltr'>scilicet</span> <span class='ocrx_word' id='word_1_83' title='bbox 1279 1958 1547 2040; x_wconf 81' lang='lat' dir='ltr'>defunctum³.</span> 
     </span>
    </p>

    <p class='ocr_par' dir='ltr' id='par_1_3' title="bbox 194 2097 2117 3221">
     <span class='ocr_line' id='line_1_10' title="bbox 417 2097 2115 2212; baseline 0.001 -28"><span class='ocrx_word' id='word_1_84' title='bbox 417 2099 496 2184; x_wconf 91' lang='lat' dir='ltr'>Sed</span> <span class='ocrx_word' id='word_1_85' title='bbox 528 2098 619 2183; x_wconf 92' lang='lat' dir='ltr'>hnic</span> <span class='ocrx_word' id='word_1_86' title='bbox 655 2097 871 2206; x_wconf 88' lang='lat' dir='ltr'>quaestioni</span> <span class='ocrx_word' id='word_1_87' title='bbox 912 2097 1041 2208; x_wconf 88' lang='lat' dir='ltr'>potius</span> <span class='ocrx_word' id='word_1_88' title='bbox 1084 2126 1130 2182; x_wconf 91' lang='lat' dir='ltr'>ea</span> <span class='ocrx_word' id='word_1_89' title='bbox 1164 2099 1341 2211; x_wconf 88' lang='lat' dir='ltr'>sepulcra</span> <span class='ocrx_word' id='word_1_90' title='bbox 1381 2109 1471 2185; x_wconf 92' lang='lat' dir='ltr'>sunt</span> <span class='ocrx_word' id='word_1_91' title='bbox 1507 2101 1736 2200; x_wconf 81' lang='lat' dir='ltr'>necessaria,</span> <span class='ocrx_word' id='word_1_92' title='bbox 1786 2101 1823 2185; x_wconf 92' lang='lat' dir='ltr'>in</span> <span class='ocrx_word' id='word_1_93' title='bbox 1859 2101 2002 2212; x_wconf 90' lang='lat' dir='ltr'>quibus</span> <span class='ocrx_word' id='word_1_94' title='bbox 2032 2103 2115 2186; x_wconf 91' lang='lat' dir='ltr'>ani-</span> 
     </span>
     <span class='ocr_line' id='line_1_11' title="bbox 316 2239 2113 2352; baseline 0.001 -24"><span class='ocrx_word' id='word_1_95' title='bbox 316 2244 430 2328; x_wconf 91' lang='lat' dir='ltr'>malia</span> <span class='ocrx_word' id='word_1_96' title='bbox 470 2274 493 2328; x_wconf 92' lang='lat' dir='ltr'>a</span> <span class='ocrx_word' id='word_1_97' title='bbox 523 2243 701 2329; x_wconf 87' lang='lat' dir='ltr'>leonibus</span> <span class='ocrx_word' id='word_1_98' title='bbox 744 2243 885 2328; x_wconf 86' lang='lat' dir='ltr'>laniata</span> <span class='ocrx_word' id='word_1_99' title='bbox 924 2239 1169 2350; x_wconf 85' lang='lat' dir='ltr'>exhibentur.</span> <span class='ocrx_word' id='word_1_100' title='bbox 1232 2244 1337 2352; x_wconf 91' lang='lat' dir='ltr'>quod</span> <span class='ocrx_word' id='word_1_101' title='bbox 1375 2269 1502 2350; x_wconf 83' lang='lat' dir='ltr'>genus</span> <span class='ocrx_word' id='word_1_102' title='bbox 1543 2239 1709 2351; x_wconf 84' lang='lat' dir='ltr'>(tantum</span> <span class='ocrx_word' id='word_1_103' title='bbox 1742 2245 1954 2329; x_wconf 87' lang='lat' dir='ltr'>animiam</span> <span class='ocrx_word' id='word_1_104' title='bbox 1985 2246 2113 2332; x_wconf 89' lang='lat' dir='ltr'>licebit</span> 
     </span>
     <span class='ocr_line' id='line_1_12' title="bbox 194 2368 2116 2502; baseline 0.005 -38"><span class='ocrx_word' id='word_1_105' title='bbox 194 2457 197 2464; x_wconf 88' lang='lat'>.</span> <span class='ocrx_word' id='word_1_106' title='bbox 315 2389 522 2488; x_wconf 83' lang='lat' dir='ltr'>affirmare,</span> <span class='ocrx_word' id='word_1_107' title='bbox 571 2395 780 2498; x_wconf 83' lang='lat' dir='ltr'>postquam</span> <span class='ocrx_word' id='word_1_108' title='bbox 811 2395 868 2470; x_wconf 90' lang='lat' dir='ltr'>tot</span> <span class='ocrx_word' id='word_1_109' title='bbox 905 2368 1011 2473; x_wconf 87' lang='lat' dir='ltr'>orbis</span> <span class='ocrx_word' id='word_1_110' title='bbox 1052 2387 1199 2496; x_wconf 83' lang='lat' dir='ltr'>antiqui</span> <span class='ocrx_word' id='word_1_111' title='bbox 1241 2388 1423 2496; x_wconf 81' lang='lat' dir='ltr'>regiones</span> <span class='ocrx_word' id='word_1_112' title='bbox 1463 2387 1581 2474; x_wconf 90' lang='lat' dir='ltr'>huius</span> <span class='ocrx_word' id='word_1_113' title='bbox 1620 2389 1764 2474; x_wconf 91' lang='lat' dir='ltr'>saeculi</span> <span class='ocrx_word' id='word_1_114' title='bbox 1794 2391 1995 2475; x_wconf 86' lang='lat' dir='ltr'>curiositas</span> <span class='ocrx_word' id='word_1_115' title='bbox 2027 2418 2116 2502; x_wconf 88' lang='lat' dir='ltr'>per·-</span> 
     </span>
     <span class='ocr_line' id='line_1_13' title="bbox 318 2526 2116 2642; baseline 0.003 -28"><span class='ocrx_word' id='word_1_116' title='bbox 318 2531 514 2638; x_wconf 80' lang='lat' dir='ltr'>uestigare</span> <span class='ocrx_word' id='word_1_117' title='bbox 553 2526 695 2640; x_wconf 85' lang='lat' dir='ltr'>coepit)</span> <span class='ocrx_word' id='word_1_118' title='bbox 730 2529 840 2638; x_wconf 88' lang='lat' dir='ltr'>quasi</span> <span class='ocrx_word' id='word_1_119' title='bbox 871 2529 1071 2640; x_wconf 90' lang='lat' dir='ltr'>proprium</span> <span class='ocrx_word' id='word_1_120' title='bbox 1103 2529 1176 2615; x_wconf 91' lang='lat' dir='ltr'>sibi</span> <span class='ocrx_word' id='word_1_121' title='bbox 1207 2531 1299 2617; x_wconf 84' lang='lat' dir='ltr'>Asin</span> <span class='ocrx_word' id='word_1_122' title='bbox 1337 2533 1462 2617; x_wconf 92' lang='lat' dir='ltr'>minor</span> <span class='ocrx_word' id='word_1_123' title='bbox 1498 2532 1683 2617; x_wconf 87' lang='lat' dir='ltr'>uindicat.</span> <span class='ocrx_word' id='word_1_124' title='bbox 1720 2532 1781 2616; x_wconf 79' lang='lat' dir='ltr'>Ila</span> <span class='ocrx_word' id='word_1_125' title='bbox 1813 2532 1929 2642; x_wconf 73' lang='lat' dir='ltr'>Lycia</span> <span class='ocrx_word' id='word_1_126' title='bbox 1959 2534 1997 2618; x_wconf 90' lang='lat' dir='ltr'>in</span> <span class='ocrx_word' id='word_1_127' title='bbox 2029 2563 2116 2619; x_wconf 91' lang='lat' dir='ltr'>mu-</span> 
     </span>
     <span class='ocr_line' id='line_1_14' title="bbox 317 2671 2116 2790; baseline -0.001 -29"><span class='ocrx_word' id='word_1_128' title='bbox 317 2703 429 2790; x_wconf 91' lang='lat' dir='ltr'>seum</span> <span class='ocrx_word' id='word_1_129' title='bbox 468 2673 682 2785; x_wconf 66' lang='lat' dir='ltr'>par-isinum</span> <span class='ocrx_word' id='word_1_130' title='bbox 727 2671 975 2784; x_wconf 85' lang='lat' dir='ltr'>anoglyphon</span> <span class='ocrx_word' id='word_1_131' title='bbox 1018 2700 1281 2760; x_wconf 85' lang='lat' dir='ltr'>marmoreum</span> <span class='ocrx_word' id='word_1_132' title='bbox 1326 2674 1501 2760; x_wconf 88' lang='lat' dir='ltr'>adlatum</span> <span class='ocrx_word' id='word_1_133' title='bbox 1544 2684 1615 2774; x_wconf 80' lang='lat' dir='ltr'>est,</span> <span class='ocrx_word' id='word_1_134' title='bbox 1669 2675 1709 2760; x_wconf 92' lang='lat' dir='ltr'>in</span> <span class='ocrx_word' id='word_1_135' title='bbox 1752 2703 1829 2784; x_wconf 93' lang='lat' dir='ltr'>quo</span> <span class='ocrx_word' id='word_1_136' title='bbox 1870 2678 2014 2760; x_wconf 91' lang='lat' dir='ltr'>bouem</span> <span class='ocrx_word' id='word_1_137' title='bbox 2054 2676 2116 2762; x_wconf 89' lang='lat' dir='ltr'>lec</span> 
     </span>
     <span class='ocr_line' id='line_1_15' title="bbox 317 2814 2117 2930; baseline 0.001 -27"><span class='ocrx_word' id='word_1_138' title='bbox 317 2818 501 2930; x_wconf 85' lang='lat' dir='ltr'>diripiens</span> <span class='ocrx_word' id='word_1_139' title='bbox 533 2814 745 2926; x_wconf 67' lang='grc'><strong>7711177714.</strong></span> <span class='ocrx_word' id='word_1_140' title='bbox 791 2815 1371 2926; x_wconf 71' lang='grc' dir='ltr'><strong>77Μ)77711ο11777117117777111·</strong></span> <span class='ocrx_word' id='word_1_141' title='bbox 1404 2819 1627 2930; x_wconf 87' lang='lat' dir='ltr'>sepulcrum</span> <span class='ocrx_word' id='word_1_142' title='bbox 1657 2819 1697 2904; x_wconf 93' lang='lat' dir='ltr'>in</span> <span class='ocrx_word' id='word_1_143' title='bbox 1729 2846 1825 2930; x_wconf 90' lang='lat' dir='ltr'>rupe</span> <span class='ocrx_word' id='word_1_144' title='bbox 1858 2820 2045 2923; x_wconf 87' lang='lat' dir='ltr'>excisum,</span> <span class='ocrx_word' id='word_1_145' title='bbox 2078 2820 2117 2904; x_wconf 91' lang='lat' dir='ltr'>in</span> 
     </span>
     <span class='ocr_line' id='line_1_16' title="bbox 319 2964 2117 3074; baseline -0.001 -24"><span class='ocrx_word' id='word_1_146' title='bbox 319 2965 428 3050; x_wconf 90' lang='lat' dir='ltr'>cuins</span> <span class='ocrx_word' id='word_1_147' title='bbox 460 2965 617 3074; x_wconf 78' lang='lat' dir='ltr'>fastigio</span> <span class='ocrx_word' id='word_1_148' title='bbox 648 2971 759 3049; x_wconf 88' lang='lat' dir='ltr'>tauro</span> <span class='ocrx_word' id='word_1_149' title='bbox 780 2967 829 3048; x_wconf 88' lang='lat' dir='ltr'>ad</span> <span class='ocrx_word' id='word_1_150' title='bbox 853 2967 1031 3050; x_wconf 86' lang='lat' dir='ltr'>dextram</span> <span class='ocrx_word' id='word_1_151' title='bbox 1067 2964 1261 3072; x_wconf 81' lang='lat' dir='ltr'>gradienti</span> <span class='ocrx_word' id='word_1_152' title='bbox 1285 2964 1347 3048; x_wconf 91' lang='lat' dir='ltr'>leo</span> <span class='ocrx_word' id='word_1_153' title='bbox 1379 2964 1545 3049; x_wconf 89' lang='lat' dir='ltr'>occurrit</span> <span class='ocrx_word' id='word_1_154' title='bbox 1576 2964 1847 3073; x_wconf 89' lang='lat' dir='ltr'>ceruicemque</span> <span class='ocrx_word' id='word_1_155' title='bbox 1880 2965 2117 3074; x_wconf 84' lang='lat' dir='ltr'>nequiquam</span> 
     </span>
     <span class='ocr_line' id='line_1_17' title="bbox 319 3107 2117 3221; baseline -0.001 -25"><span class='ocrx_word' id='word_1_156' title='bbox 319 3109 444 3196; x_wconf 91' lang='lat' dir='ltr'>obnisi</span> <span class='ocrx_word' id='word_1_157' title='bbox 484 3109 639 3221; x_wconf 91' lang='lat' dir='ltr'>corripit</span> <span class='ocrx_word' id='word_1_158' title='bbox 653 3115 682 3194; x_wconf 86' lang='lat'>⁵.</span> <span class='ocrx_word' id='word_1_159' title='bbox 746 3107 895 3194; x_wconf 88' lang='lat' dir='ltr'>Xanthi</span> <span class='ocrx_word' id='word_1_160' title='bbox 933 3108 1071 3193; x_wconf 87' lang='lat' dir='ltr'>similia</span> <span class='ocrx_word' id='word_1_161' title='bbox 1108 3109 1266 3193; x_wconf 89' lang='lat' dir='ltr'>inuenta</span> <span class='ocrx_word' id='word_1_162' title='bbox 1312 3119 1403 3193; x_wconf 89' lang='lat' dir='ltr'>sunt</span> <span class='ocrx_word' id='word_1_163' title='bbox 1442 3109 1709 3218; x_wconf 88' lang='lat' dir='ltr'>sepulcrorum</span> <span class='ocrx_word' id='word_1_164' title='bbox 1749 3121 1987 3201; x_wconf 80' lang='lat' dir='ltr'>ornamenta.</span> <span class='ocrx_word' id='word_1_165' title='bbox 2038 3111 2117 3194; x_wconf 90' lang='lat' dir='ltr'>duo</span> 
     </span>
    </p>
   </div>
   <div class='ocr_carea' id='block_1_3' title="bbox 317 3364 2123 5516">
    <p class='ocr_par' dir='ltr' id='par_1_4' title="bbox 317 3364 2119 3996">
     <span class='ocr_line' id='line_1_18' title="bbox 420 3364 2117 3450; baseline 0.001 -20"><span class='ocrx_word' id='word_1_166' title='bbox 420 3367 450 3444; x_wconf 90' lang='grc'><strong>1)</strong></span> <span class='ocrx_word' id='word_1_167' title='bbox 473 3365 660 3448; x_wconf 88' lang='lat' dir='ltr'>paucissima</span> <span class='ocrx_word' id='word_1_168' title='bbox 682 3365 820 3450; x_wconf 85' lang='lat' dir='ltr'>exempla</span> <span class='ocrx_word' id='word_1_169' title='bbox 842 3364 985 3430; x_wconf 89' lang='lat' dir='ltr'>attulisse</span> <span class='ocrx_word' id='word_1_170' title='bbox 1006 3365 1083 3430; x_wconf 87' lang='lat' dir='ltr'>satis</span> <span class='ocrx_word' id='word_1_171' title='bbox 1105 3365 1211 3430; x_wconf 87' lang='lat' dir='ltr'>habeo.</span> <span class='ocrx_word' id='word_1_172' title='bbox 1239 3364 1358 3430; x_wconf 90' lang='lat' dir='ltr'>leonem</span> <span class='ocrx_word' id='word_1_173' title='bbox 1381 3366 1503 3431; x_wconf 90' lang='lat' dir='ltr'>tumulo</span> <span class='ocrx_word' id='word_1_174' title='bbox 1524 3365 1671 3430; x_wconf 86' lang='lat' dir='ltr'>Hermiae</span> <span class='ocrx_word' id='word_1_175' title='bbox 1692 3365 1792 3450; x_wconf 86' lang='lat' dir='ltr'>reguli</span> <span class='ocrx_word' id='word_1_176' title='bbox 1817 3365 1914 3450; x_wconf 82' lang='lat' dir='ltr'>cyprii</span> <span class='ocrx_word' id='word_1_177' title='bbox 1936 3367 2117 3450; x_wconf 88' lang='lat' dir='ltr'>impositum</span> 
     </span>
     <span class='ocr_line' id='line_1_19' title="bbox 318 3473 2116 3558; baseline 0.001 -19"><span class='ocrx_word' id='word_1_178' title='bbox 318 3476 470 3540; x_wconf 87' lang='lat' dir='ltr'>memorat</span> <span class='ocrx_word' id='word_1_179' title='bbox 491 3474 612 3539; x_wconf 86' lang='lat' dir='ltr'>Plinius</span> <span class='ocrx_word' id='word_1_180' title='bbox 636 3475 852 3552; x_wconf 86' lang='grc'><strong>11.11.37,66;</strong></span> <span class='ocrx_word' id='word_1_181' title='bbox 876 3476 1077 3540; x_wconf 88' lang='lat' dir='ltr'>monumenta</span> <span class='ocrx_word' id='word_1_182' title='bbox 1098 3473 1211 3558; x_wconf 80' lang='lat' dir='ltr'>Lyciae</span> <span class='ocrx_word' id='word_1_183' title='bbox 1232 3474 1376 3557; x_wconf 89' lang='lat' dir='ltr'>suppedit</span> <span class='ocrx_word' id='word_1_184' title='bbox 1399 3473 1431 3540; x_wconf 87' lang='grc'><strong>6.</strong></span> <span class='ocrx_word' id='word_1_185' title='bbox 1445 3475 1584 3553; x_wconf 75' lang='lat' dir='ltr'>Fallere,</span> <span class='ocrx_word' id='word_1_186' title='bbox 1607 3497 1650 3540; x_wconf 79' lang='lat' dir='ltr'>aa</span> <span class='ocrx_word' id='word_1_187' title='bbox 1671 3481 1802 3540; x_wconf 79' lang='lat' dir='ltr'>account</span> <span class='ocrx_word' id='word_1_188' title='bbox 1824 3476 1863 3556; x_wconf 77' lang='lat' dir='ltr'>os</span> <span class='ocrx_word' id='word_1_189' title='bbox 1877 3477 2062 3542; x_wconf 76' lang='lat' dir='ltr'>discoveries</span> <span class='ocrx_word' id='word_1_190' title='bbox 2082 3478 2116 3541; x_wconf 80' lang='lat' dir='ltr'>in</span> 
     </span>
     <span class='ocr_line' id='line_1_20' title="bbox 318 3581 2117 3668; baseline 0 -18"><span class='ocrx_word' id='word_1_191' title='bbox 318 3585 419 3668; x_wconf 66' lang='grc'><strong>147777</strong></span> <span class='ocrx_word' id='word_1_192' title='bbox 440 3585 473 3648; x_wconf 88' lang='grc'>711</span> <span class='ocrx_word' id='word_1_193' title='bbox 500 3584 616 3650; x_wconf 87' lang='lat' dir='ltr'>tabulis</span> <span class='ocrx_word' id='word_1_194' title='bbox 646 3583 779 3667; x_wconf 83' lang='lat' dir='ltr'>paginae</span> <span class='ocrx_word' id='word_1_195' title='bbox 803 3583 863 3646; x_wconf 83' lang='lat'>174</span> <span class='ocrx_word' id='word_1_196' title='bbox 885 3583 998 3647; x_wconf 82' lang='grc'><strong>77176</strong></span> <span class='ocrx_word' id='word_1_197' title='bbox 1026 3581 1182 3648; x_wconf 85' lang='lat' dir='ltr'>adiunctis</span> <span class='ocrx_word' id='word_1_198' title='bbox 1210 3585 1241 3649; x_wconf 88' lang='lat' dir='ltr'>et</span> <span class='ocrx_word' id='word_1_199' title='bbox 1263 3583 1412 3648; x_wconf 81' lang='lat' dir='ltr'>Prachow</span> <span class='ocrx_word' id='word_1_200' title='bbox 1434 3584 1454 3648; x_wconf 96' lang='grc'>1.</span> <span class='ocrx_word' id='word_1_201' title='bbox 1475 3603 1497 3649; x_wconf 90' lang='lat' dir='ltr'>s.</span> <span class='ocrx_word' id='word_1_202' title='bbox 1519 3585 1583 3650; x_wconf 88' lang='lat' dir='ltr'>tab.</span> <span class='ocrx_word' id='word_1_203' title='bbox 1600 3583 1631 3648; x_wconf 92' lang='lat'>11</span> <span class='ocrx_word' id='word_1_204' title='bbox 1646 3587 1676 3650; x_wconf 89' lang='grc'>2.</span> <span class='ocrx_word' id='word_1_205' title='bbox 1691 3585 1719 3650; x_wconf 90' lang='grc'><strong>3.</strong></span> <span class='ocrx_word' id='word_1_206' title='bbox 1763 3585 1796 3650; x_wconf 91' lang='grc'>711</span> <span class='ocrx_word' id='word_1_207' title='bbox 1818 3585 1951 3668; x_wconf 88' lang='lat' dir='ltr'>sepulcri</span> <span class='ocrx_word' id='word_1_208' title='bbox 1971 3586 2117 3650; x_wconf 90' lang='lat' dir='ltr'>tiburtini</span> 
     </span>
     <span class='ocr_line' id='line_1_21' title="bbox 317 3693 2118 3777; baseline 0.001 -18"><span class='ocrx_word' id='word_1_209' title='bbox 317 3713 400 3760; x_wconf 90' lang='lat' dir='ltr'>nunc</span> <span class='ocrx_word' id='word_1_210' title='bbox 422 3694 518 3760; x_wconf 89' lang='lat' dir='ltr'>diroti</span> <span class='ocrx_word' id='word_1_211' title='bbox 548 3695 704 3776; x_wconf 88' lang='lat' dir='ltr'>superiore</span> <span class='ocrx_word' id='word_1_212' title='bbox 735 3694 823 3775; x_wconf 86' lang='lat' dir='ltr'>parte</span> <span class='ocrx_word' id='word_1_213' title='bbox 853 3693 901 3758; x_wconf 88' lang='lat' dir='ltr'>lec</span> <span class='ocrx_word' id='word_1_214' title='bbox 928 3693 1074 3776; x_wconf 60' lang='lat' dir='ltr'>medians</span> <span class='ocrx_word' id='word_1_215' title='bbox 1105 3693 1245 3776; x_wconf 86' lang='lat' dir='ltr'>sculptus</span> <span class='ocrx_word' id='word_1_216' title='bbox 1274 3694 1350 3769; x_wconf 84' lang='lat' dir='ltr'>erat,</span> <span class='ocrx_word' id='word_1_217' title='bbox 1387 3693 1425 3758; x_wconf 87' lang='lat' dir='ltr'>ct.</span> <span class='ocrx_word' id='word_1_218' title='bbox 1450 3694 1486 3759; x_wconf 91' lang='lat' dir='ltr'>P.</span> <span class='ocrx_word' id='word_1_219' title='bbox 1510 3693 1601 3762; x_wconf 87' lang='lat' dir='ltr'>Santi</span> <span class='ocrx_word' id='word_1_220' title='bbox 1624 3693 1746 3760; x_wconf 84' lang='lat' dir='ltr'>Bartcli</span> <span class='ocrx_word' id='word_1_221' title='bbox 1772 3695 1819 3777; x_wconf 77' lang='lat' dir='ltr'>pli</span> <span class='ocrx_word' id='word_1_222' title='bbox 1845 3695 1964 3760; x_wconf 76' lang='lat' dir='ltr'>antichi</span> <span class='ocrx_word' id='word_1_223' title='bbox 1985 3695 2118 3776; x_wconf 81' lang='lat' dir='ltr'>sepulcri</span> 
     </span>
     <span class='ocr_line' id='line_1_22' title="bbox 318 3801 2119 3886; baseline 0 -18"><span class='ocrx_word' id='word_1_224' title='bbox 318 3804 383 3868; x_wconf 89' lang='lat' dir='ltr'>tab.</span> <span class='ocrx_word' id='word_1_225' title='bbox 396 3805 445 3868; x_wconf 95' lang='grc'><strong>49.</strong></span> <span class='ocrx_word' id='word_1_226' title='bbox 484 3803 616 3886; x_wconf 90' lang='lat' dir='ltr'>denique</span> <span class='ocrx_word' id='word_1_227' title='bbox 637 3803 670 3866; x_wconf 93' lang='lat' dir='ltr'>in</span> <span class='ocrx_word' id='word_1_228' title='bbox 692 3821 771 3866; x_wconf 88' lang='lat' dir='ltr'>urna</span> <span class='ocrx_word' id='word_1_229' title='bbox 795 3819 917 3884; x_wconf 91' lang='lat' dir='ltr'>quoque</span> <span class='ocrx_word' id='word_1_230' title='bbox 939 3801 1091 3866; x_wconf 81' lang='lat' dir='ltr'>cinerario</span> <span class='ocrx_word' id='word_1_231' title='bbox 1113 3803 1314 3868; x_wconf 87' lang='lat' dir='ltr'>accubantem</span> <span class='ocrx_word' id='word_1_232' title='bbox 1336 3802 1454 3868; x_wconf 89' lang='lat' dir='ltr'>leonem</span> <span class='ocrx_word' id='word_1_233' title='bbox 1479 3805 1613 3868; x_wconf 88' lang='lat' dir='ltr'>testatur</span> <span class='ocrx_word' id='word_1_234' title='bbox 1626 3801 1822 3872; x_wconf 86' lang='lat' dir='ltr'>Conestabile</span> <span class='ocrx_word' id='word_1_235' title='bbox 1844 3823 1978 3869; x_wconf 79' lang='grc'><strong>77711777.</strong></span> <span class='ocrx_word' id='word_1_236' title='bbox 2003 3804 2037 3868; x_wconf 85' lang='lat' dir='ltr'>di</span> <span class='ocrx_word' id='word_1_237' title='bbox 2060 3803 2119 3868; x_wconf 73' lang='lat' dir='ltr'>Pe</span> 
     </span>
     <span class='ocr_line' id='line_1_23' title="bbox 319 3909 1355 3996; baseline -0.004 -20"><span class='ocrx_word' id='word_1_238' title='bbox 319 3911 415 3996; x_wconf 77' lang='lat' dir='ltr'>rapio</span> <span class='ocrx_word' id='word_1_239' title='bbox 434 3913 458 3976; x_wconf 93' lang='grc'>7.</span> <span class='ocrx_word' id='word_1_240' title='bbox 474 3909 606 3976; x_wconf 87' lang='lat' dir='ltr'>LXXVI</span> <span class='ocrx_word' id='word_1_241' title='bbox 618 3912 646 3975; x_wconf 87' lang='lat'>2.</span> <span class='ocrx_word' id='word_1_242' title='bbox 672 3911 807 3976; x_wconf 89' lang='lat' dir='ltr'>ceterum</span> <span class='ocrx_word' id='word_1_243' title='bbox 831 3910 869 3974; x_wconf 85' lang='lat' dir='ltr'>cf.</span> <span class='ocrx_word' id='word_1_244' title='bbox 894 3909 995 3993; x_wconf 83' lang='lat' dir='ltr'>Zoega</span> <span class='ocrx_word' id='word_1_245' title='bbox 1016 3910 1053 3974; x_wconf 91' lang='lat' dir='ltr'>de</span> <span class='ocrx_word' id='word_1_246' title='bbox 1076 3911 1216 3976; x_wconf 87' lang='lat' dir='ltr'>obeliscis</span> <span class='ocrx_word' id='word_1_247' title='bbox 1239 3932 1268 3993; x_wconf 92' lang='lat' dir='ltr'>p.</span> <span class='ocrx_word' id='word_1_248' title='bbox 1284 3911 1355 3976; x_wconf 88' lang='grc'><strong>362.</strong></span> 
     </span>
    </p>

    <p class='ocr_par' dir='ltr' id='par_1_5' title="bbox 320 4005 2118 4320">
     <span class='ocr_line' id='line_1_24' title="bbox 419 4005 2117 4102; baseline -0.001 -19"><span class='ocrx_word' id='word_1_249' title='bbox 419 4020 451 4097; x_wconf 89' lang='grc'><strong>2)</strong></span> <span class='ocrx_word' id='word_1_250' title='bbox 475 4021 549 4084; x_wconf 87' lang='lat' dir='ltr'>nota</span> <span class='ocrx_word' id='word_1_251' title='bbox 576 4021 649 4084; x_wconf 88' lang='lat' dir='ltr'>sunt</span> <span class='ocrx_word' id='word_1_252' title='bbox 677 4019 815 4100; x_wconf 87' lang='lat' dir='ltr'>exempla</span> <span class='ocrx_word' id='word_1_253' title='bbox 837 4017 947 4083; x_wconf 86' lang='lat' dir='ltr'>Leonis</span> <span class='ocrx_word' id='word_1_254' title='bbox 970 4017 1147 4099; x_wconf 85' lang='lat' dir='ltr'>Sinopensis</span> <span class='ocrx_word' id='word_1_255' title='bbox 1169 4019 1233 4092; x_wconf 81' lang='lat' dir='ltr'>(tit.</span> <span class='ocrx_word' id='word_1_256' title='bbox 1255 4033 1357 4102; x_wconf 84' lang='lat' dir='ltr'>graec.</span> <span class='ocrx_word' id='word_1_257' title='bbox 1380 4036 1398 4081; x_wconf 93' lang='lat' dir='ltr'>a</span> <span class='ocrx_word' id='word_1_258' title='bbox 1417 4005 1453 4080; x_wconf 83' lang='lat' dir='ltr'>L.</span> <span class='ocrx_word' id='word_1_259' title='bbox 1476 4015 1624 4099; x_wconf 84' lang='lat' dir='ltr'>Stephani</span> <span class='ocrx_word' id='word_1_260' title='bbox 1651 4017 1771 4082; x_wconf 89' lang='lat' dir='ltr'>collect.</span> <span class='ocrx_word' id='word_1_261' title='bbox 1794 4017 1868 4082; x_wconf 90' lang='lat' dir='ltr'>fasc.</span> <span class='ocrx_word' id='word_1_262' title='bbox 1893 4017 1939 4082; x_wconf 92' lang='grc'>111</span> <span class='ocrx_word' id='word_1_263' title='bbox 1962 4016 2057 4084; x_wconf 87' lang='lat' dir='ltr'>tabl</span> <span class='ocrx_word' id='word_1_264' title='bbox 2079 4017 2117 4082; x_wconf 85' lang='lat' dir='ltr'>cf.</span> 
     </span>
     <span class='ocr_line' id='line_1_25' title="bbox 321 4107 2118 4212; baseline -0.001 -18"><span class='ocrx_word' id='word_1_265' title='bbox 321 4149 349 4212; x_wconf 87' lang='lat' dir='ltr'>p.</span> <span class='ocrx_word' id='word_1_266' title='bbox 363 4131 413 4207; x_wconf 86' lang='grc'><strong>23,</strong></span> <span class='ocrx_word' id='word_1_267' title='bbox 426 4130 459 4210; x_wconf 92' lang='grc'>6)</span> <span class='ocrx_word' id='word_1_268' title='bbox 482 4128 513 4192; x_wconf 91' lang='lat' dir='ltr'>et</span> <span class='ocrx_word' id='word_1_269' title='bbox 535 4128 599 4193; x_wconf 90' lang='lat' dir='ltr'>eius</span> <span class='ocrx_word' id='word_1_270' title='bbox 621 4127 654 4192; x_wconf 89' lang='lat' dir='ltr'>in</span> <span class='ocrx_word' id='word_1_271' title='bbox 677 4145 770 4209; x_wconf 88' lang='lat' dir='ltr'>quem</span> <span class='ocrx_word' id='word_1_272' title='bbox 791 4124 977 4192; x_wconf 82' lang='lat' dir='ltr'>Callimachi</span> <span class='ocrx_word' id='word_1_273' title='bbox 998 4126 1097 4190; x_wconf 90' lang='lat' dir='ltr'>iartur</span> <span class='ocrx_word' id='word_1_274' title='bbox 1116 4127 1308 4210; x_wconf 81' lang='lat' dir='ltr'>epigramma</span> <span class='ocrx_word' id='word_1_275' title='bbox 1327 4107 1681 4208; x_wconf 69' lang='grc'><strong>71171111717113143</strong></span> <span class='ocrx_word' id='word_1_276' title='bbox 1706 4127 1745 4191; x_wconf 84' lang='grc'>71.</span> <span class='ocrx_word' id='word_1_277' title='bbox 1759 4127 1794 4193; x_wconf 88' lang='lat' dir='ltr'>O.</span> <span class='ocrx_word' id='word_1_278' title='bbox 1810 4125 1977 4192; x_wconf 87' lang='lat' dir='ltr'>Schneider</span> <span class='ocrx_word' id='word_1_279' title='bbox 1998 4127 2118 4194; x_wconf 80' lang='lat' dir='ltr'>Gallim.</span> 
     </span>
     <span class='ocr_line' id='line_1_26' title="bbox 320 4234 2035 4320; baseline -0.002 -17"><span class='ocrx_word' id='word_1_280' title='bbox 320 4239 335 4303; x_wconf 94' lang='grc'><strong>1</strong></span> <span class='ocrx_word' id='word_1_281' title='bbox 358 4257 387 4320; x_wconf 88' lang='lat' dir='ltr'>p.</span> <span class='ocrx_word' id='word_1_282' title='bbox 403 4239 452 4302; x_wconf 83' lang='lat'>99.</span> <span class='ocrx_word' id='word_1_283' title='bbox 488 4237 704 4302; x_wconf 83' lang='lat' dir='ltr'>fortitudinem</span> <span class='ocrx_word' id='word_1_284' title='bbox 727 4255 853 4302; x_wconf 89' lang='lat' dir='ltr'>causam</span> <span class='ocrx_word' id='word_1_285' title='bbox 877 4236 979 4318; x_wconf 88' lang='lat' dir='ltr'>prodit</span> <span class='ocrx_word' id='word_1_286' title='bbox 1001 4234 1174 4301; x_wconf 86' lang='lat' dir='ltr'>Simonides</span> <span class='ocrx_word' id='word_1_287' title='bbox 1196 4235 1426 4318; x_wconf 86' lang='lat' dir='ltr'>elegantissimo</span> <span class='ocrx_word' id='word_1_288' title='bbox 1449 4234 1674 4317; x_wconf 83' lang='lat' dir='ltr'>epigrammate</span> <span class='ocrx_word' id='word_1_289' title='bbox 1696 4235 1784 4299; x_wconf 89' lang='lat' dir='ltr'>anth.</span> <span class='ocrx_word' id='word_1_290' title='bbox 1805 4235 1866 4316; x_wconf 92' lang='lat' dir='ltr'>pal.</span> <span class='ocrx_word' id='word_1_291' title='bbox 1890 4235 1951 4300; x_wconf 74' lang='grc'>711</span> <span class='ocrx_word' id='word_1_292' title='bbox 1974 4237 2035 4300; x_wconf 87' lang='grc'>344</span> 
     </span>
    </p>

    <p class='ocr_par' dir='ltr' id='par_1_6' title="bbox 320 4332 2119 4755">
     <span class='ocr_line' id='line_1_27' title="bbox 728 4332 1638 4428; baseline -0.005 -19"><span class='ocrx_word' id='word_1_293' title='bbox 728 4346 844 4428; x_wconf 62' lang='lat' dir='ltr'>(appula</span> <span class='ocrx_word' id='word_1_294' title='bbox 865 4343 924 4426; x_wconf 81' lang='grc' dir='ltr'>μὲν</span> <span class='ocrx_word' id='word_1_295' title='bbox 944 4344 1117 4426; x_wconf 75' lang='grc' dir='ltr'><strong><em>κ’ρτιστος</em></strong></span> <span class='ocrx_word' id='word_1_296' title='bbox 1138 4337 1211 4426; x_wconf 78' lang='grc' dir='ltr'>ἐγώ,</span> <span class='ocrx_word' id='word_1_297' title='bbox 1232 4344 1366 4408; x_wconf 77' lang='grc' dir='ltr'><em>θνατῶν</em></span> <span class='ocrx_word' id='word_1_298' title='bbox 1384 4341 1411 4406; x_wconf 62' lang='lat' dir='ltr'>d*</span> <span class='ocrx_word' id='word_1_299' title='bbox 1438 4332 1475 4406; x_wconf 77' lang='lat' dir='ltr'>iic</span> <span class='ocrx_word' id='word_1_300' title='bbox 1497 4336 1559 4425; x_wconf 70' lang='lat' dir='ltr'>lyci</span> <span class='ocrx_word' id='word_1_301' title='bbox 1584 4344 1638 4405; x_wconf 77' lang='grc' dir='ltr'>νῦν</span> 
     </span>
     <span class='ocr_line' id='line_1_28' title="bbox 863 4445 1549 4539; baseline -0.009 -20"><span class='ocrx_word' id='word_1_302' title='bbox 863 4455 999 4539; x_wconf 72' lang='grc' dir='ltr'><em>φρουρὼ</em></span> <span class='ocrx_word' id='word_1_303' title='bbox 1020 4453 1104 4538; x_wconf 75' lang='lat' dir='ltr'>apide</span> <span class='ocrx_word' id='word_1_304' title='bbox 1126 4445 1222 4538; x_wconf 83' lang='grc' dir='ltr'><em>τάφῳ</em></span> <span class='ocrx_word' id='word_1_305' title='bbox 1244 4446 1354 4529; x_wconf 79' lang='grc' dir='ltr'><strong><em>λάινος</em></strong></span> <span class='ocrx_word' id='word_1_306' title='bbox 1376 4445 1549 4534; x_wconf 74' lang='grc' dir='ltr'>ἕμβιβαιός,</span> 
     </span>
     <span class='ocr_line' id='line_1_29' title="bbox 320 4560 2119 4647; baseline -0.001 -19"><span class='ocrx_word' id='word_1_307' title='bbox 320 4567 352 4628; x_wconf 84' lang='grc'>77</span> <span class='ocrx_word' id='word_1_308' title='bbox 374 4564 541 4647; x_wconf 79' lang='lat' dir='ltr'>Antipater</span> <span class='ocrx_word' id='word_1_309' title='bbox 563 4563 708 4630; x_wconf 86' lang='lat' dir='ltr'>Sidonius</span> <span class='ocrx_word' id='word_1_310' title='bbox 730 4563 804 4628; x_wconf 88' lang='lat' dir='ltr'>ibid.</span> <span class='ocrx_word' id='word_1_311' title='bbox 827 4563 983 4639; x_wconf 78' lang='grc'><strong>711426,</strong></span> <span class='ocrx_word' id='word_1_312' title='bbox 1006 4580 1135 4644; x_wconf 84' lang='lat' dir='ltr'>eamque</span> <span class='ocrx_word' id='word_1_313' title='bbox 1157 4562 1304 4626; x_wconf 87' lang='lat' dir='ltr'>adhibeas</span> <span class='ocrx_word' id='word_1_314' title='bbox 1325 4562 1399 4644; x_wconf 78' lang='lat' dir='ltr'>licet</span> <span class='ocrx_word' id='word_1_315' title='bbox 1419 4561 1620 4626; x_wconf 87' lang='lat' dir='ltr'>monumento</span> <span class='ocrx_word' id='word_1_316' title='bbox 1642 4579 1748 4625; x_wconf 84' lang='lat' dir='ltr'>eorum</span> <span class='ocrx_word' id='word_1_317' title='bbox 1772 4561 1824 4642; x_wconf 90' lang='lat' dir='ltr'>qui</span> <span class='ocrx_word' id='word_1_318' title='bbox 1846 4561 1886 4625; x_wconf 89' lang='lat' dir='ltr'>ad</span> <span class='ocrx_word' id='word_1_319' title='bbox 1911 4560 2119 4628; x_wconf 81' lang='lat' dir='ltr'>Chaeroneam</span> 
     </span>
     <span class='ocr_line' id='line_1_30' title="bbox 321 4666 2119 4755; baseline -0.002 -20"><span class='ocrx_word' id='word_1_320' title='bbox 321 4691 375 4755; x_wconf 91' lang='lat' dir='ltr'>pro</span> <span class='ocrx_word' id='word_1_321' title='bbox 391 4669 540 4738; x_wconf 83' lang='lat' dir='ltr'>Graeciae</span> <span class='ocrx_word' id='word_1_322' title='bbox 562 4673 706 4738; x_wconf 89' lang='lat' dir='ltr'>libertate</span> <span class='ocrx_word' id='word_1_323' title='bbox 727 4672 935 4736; x_wconf 89' lang='lat' dir='ltr'>occubuerant</span> <span class='ocrx_word' id='word_1_324' title='bbox 956 4671 1009 4754; x_wconf 85' lang='lat' dir='ltr'>(cl.</span> <span class='ocrx_word' id='word_1_325' title='bbox 1021 4671 1059 4735; x_wconf 79' lang='lat' dir='ltr'>A.</span> <span class='ocrx_word' id='word_1_326' title='bbox 1073 4669 1226 4746; x_wconf 67' lang='lat' dir='ltr'>Sabaeis,</span> <span class='ocrx_word' id='word_1_327' title='bbox 1247 4668 1406 4734; x_wconf 81' lang='lat' dir='ltr'>Deroostlr.</span> <span class='ocrx_word' id='word_1_328' title='bbox 1426 4671 1458 4734; x_wconf 90' lang='lat'>11</span> <span class='ocrx_word' id='word_1_329' title='bbox 1480 4688 1509 4751; x_wconf 90' lang='lat' dir='ltr'>p.</span> <span class='ocrx_word' id='word_1_330' title='bbox 1522 4667 1608 4750; x_wconf 82' lang='lat'>534).</span> <span class='ocrx_word' id='word_1_331' title='bbox 1635 4666 1707 4732; x_wconf 83' lang='lat' dir='ltr'>Vid.</span> <span class='ocrx_word' id='word_1_332' title='bbox 1719 4667 1871 4750; x_wconf 86' lang='lat' dir='ltr'>Stephani</span> <span class='ocrx_word' id='word_1_333' title='bbox 1884 4669 1905 4733; x_wconf 93' lang='grc'>1.</span> <span class='ocrx_word' id='word_1_334' title='bbox 1918 4688 1942 4733; x_wconf 82' lang='lat' dir='ltr'>s</span> <span class='ocrx_word' id='word_1_335' title='bbox 1958 4688 1987 4751; x_wconf 89' lang='lat' dir='ltr'>p.</span> <span class='ocrx_word' id='word_1_336' title='bbox 2002 4669 2041 4734; x_wconf 90' lang='grc'><strong>19</strong></span> <span class='ocrx_word' id='word_1_337' title='bbox 2052 4688 2119 4752; x_wconf 79' lang='lat' dir='ltr'>sqq.</span> 
     </span>
    </p>

    <p class='ocr_par' dir='ltr' id='par_1_7' title="bbox 320 4775 2123 5300">
     <span class='ocr_line' id='line_1_31' title="bbox 420 4775 2119 4862; baseline -0.001 -18"><span class='ocrx_word' id='word_1_338' title='bbox 420 4782 453 4862; x_wconf 88' lang='grc'>3)</span> <span class='ocrx_word' id='word_1_339' title='bbox 477 4780 620 4848; x_wconf 89' lang='lat' dir='ltr'>Breuitcr</span> <span class='ocrx_word' id='word_1_340' title='bbox 642 4779 758 4846; x_wconf 86' lang='lat' dir='ltr'>adnoto</span> <span class='ocrx_word' id='word_1_341' title='bbox 780 4798 870 4862; x_wconf 88' lang='lat' dir='ltr'>saepe</span> <span class='ocrx_word' id='word_1_342' title='bbox 894 4797 1021 4844; x_wconf 87' lang='lat' dir='ltr'>nurnero</span> <span class='ocrx_word' id='word_1_343' title='bbox 1042 4778 1242 4860; x_wconf 82' lang='lat' dir='ltr'>sarcophagis</span> <span class='ocrx_word' id='word_1_344' title='bbox 1269 4778 1372 4860; x_wconf 88' lang='lat' dir='ltr'>capita</span> <span class='ocrx_word' id='word_1_345' title='bbox 1401 4778 1525 4842; x_wconf 90' lang='lat' dir='ltr'>leonum</span> <span class='ocrx_word' id='word_1_346' title='bbox 1549 4775 1758 4858; x_wconf 87' lang='lat' dir='ltr'>prominentia</span> <span class='ocrx_word' id='word_1_347' title='bbox 1780 4775 1878 4859; x_wconf 80' lang='lat' dir='ltr'>attigi,</span> <span class='ocrx_word' id='word_1_348' title='bbox 1917 4777 1956 4842; x_wconf 85' lang='lat' dir='ltr'>ci.</span> <span class='ocrx_word' id='word_1_349' title='bbox 1978 4777 2119 4842; x_wconf 82' lang='lat' dir='ltr'>Visconti</span> 
     </span>
     <span class='ocr_line' id='line_1_32' title="bbox 320 4885 2121 4970; baseline -0.001 -16"><span class='ocrx_word' id='word_1_350' title='bbox 320 4907 399 4954; x_wconf 91' lang='lat' dir='ltr'>mus.</span> <span class='ocrx_word' id='word_1_351' title='bbox 423 4889 640 4954; x_wconf 90' lang='lat' dir='ltr'>Pio-clement.</span> <span class='ocrx_word' id='word_1_352' title='bbox 658 4889 703 4953; x_wconf 93' lang='lat' dir='ltr'>IV</span> <span class='ocrx_word' id='word_1_353' title='bbox 729 4891 751 4953; x_wconf 93' lang='grc'>7.</span> <span class='ocrx_word' id='word_1_354' title='bbox 769 4891 809 4953; x_wconf 90' lang='grc'><strong>29</strong></span> <span class='ocrx_word' id='word_1_355' title='bbox 832 4887 953 4969; x_wconf 80' lang='lat' dir='ltr'>(cortile</span> <span class='ocrx_word' id='word_1_356' title='bbox 974 4887 1025 4952; x_wconf 82' lang='lat' dir='ltr'>del</span> <span class='ocrx_word' id='word_1_357' title='bbox 1039 4886 1209 4953; x_wconf 85' lang='lat' dir='ltr'>Belccdere</span> <span class='ocrx_word' id='word_1_358' title='bbox 1229 4906 1260 4951; x_wconf 92' lang='lat' dir='ltr'>n.</span> <span class='ocrx_word' id='word_1_359' title='bbox 1271 4889 1336 4966; x_wconf 85' lang='grc'><strong>23),</strong></span> <span class='ocrx_word' id='word_1_360' title='bbox 1359 4885 1553 4952; x_wconf 86' lang='lat' dir='ltr'>Ocnostabile</span> <span class='ocrx_word' id='word_1_361' title='bbox 1574 4905 1711 4950; x_wconf 77' lang='lat' dir='ltr'>monum.</span> <span class='ocrx_word' id='word_1_362' title='bbox 1733 4886 1768 4952; x_wconf 83' lang='lat' dir='ltr'>di</span> <span class='ocrx_word' id='word_1_363' title='bbox 1789 4885 1931 4970; x_wconf 77' lang='lat' dir='ltr'>Pemqia</span> <span class='ocrx_word' id='word_1_364' title='bbox 1953 4889 1978 4951; x_wconf 94' lang='lat' dir='ltr'>t.</span> <span class='ocrx_word' id='word_1_365' title='bbox 1994 4885 2121 4966; x_wconf 80' lang='lat' dir='ltr'>LXXX,</span> 
     </span>
     <span class='ocr_line' id='line_1_33' title="bbox 320 4987 2123 5081; baseline -0.001 -18"><span class='ocrx_word' id='word_1_366' title='bbox 320 5002 351 5063; x_wconf 88' lang='lat'>3.</span> <span class='ocrx_word' id='word_1_367' title='bbox 366 4987 395 5077; x_wconf 75' lang='lat' dir='ltr'>l,</span> <span class='ocrx_word' id='word_1_368' title='bbox 418 4998 541 5064; x_wconf 80' lang='lat' dir='ltr'>Lasimo</span> <span class='ocrx_word' id='word_1_369' title='bbox 564 4997 725 5081; x_wconf 78' lang='lat' dir='ltr'>sarcofapr&#39;</span> <span class='ocrx_word' id='word_1_370' title='bbox 748 4997 821 5062; x_wconf 90' lang='lat' dir='ltr'>cett.</span> <span class='ocrx_word' id='word_1_371' title='bbox 845 4997 895 5061; x_wconf 83' lang='lat' dir='ltr'>del</span> <span class='ocrx_word' id='word_1_372' title='bbox 916 5017 1024 5078; x_wconf 81' lang='lat' dir='ltr'>compo</span> <span class='ocrx_word' id='word_1_373' title='bbox 1044 5001 1137 5062; x_wconf 84' lang='lat' dir='ltr'>santo</span> <span class='ocrx_word' id='word_1_374' title='bbox 1161 4996 1195 5061; x_wconf 83' lang='lat' dir='ltr'>di</span> <span class='ocrx_word' id='word_1_375' title='bbox 1215 4994 1295 5060; x_wconf 82' lang='lat' dir='ltr'>Pisa</span> <span class='ocrx_word' id='word_1_376' title='bbox 1319 4995 1384 5060; x_wconf 80' lang='lat' dir='ltr'>tab.</span> <span class='ocrx_word' id='word_1_377' title='bbox 1397 4994 1507 5060; x_wconf 84' lang='lat' dir='ltr'>CXLV</span> <span class='ocrx_word' id='word_1_378' title='bbox 1523 5015 1552 5061; x_wconf 92' lang='lat' dir='ltr'>n.</span> <span class='ocrx_word' id='word_1_379' title='bbox 1564 4995 1616 5072; x_wconf 85' lang='lat'>83,</span> <span class='ocrx_word' id='word_1_380' title='bbox 1645 4992 1756 5059; x_wconf 79' lang='lat' dir='ltr'>Clarae</span> <span class='ocrx_word' id='word_1_381' title='bbox 1778 4995 1881 5060; x_wconf 73' lang='lat' dir='ltr'>muso</span> <span class='ocrx_word' id='word_1_382' title='bbox 1905 4995 1944 5060; x_wconf 86' lang='lat' dir='ltr'>de</span> <span class='ocrx_word' id='word_1_383' title='bbox 1963 4995 2123 5077; x_wconf 77' lang='lat' dir='ltr'>sculpture</span> 
     </span>
     <span class='ocr_line' id='line_1_34' title="bbox 320 5103 2123 5189; baseline -0.001 -18"><span class='ocrx_word' id='word_1_384' title='bbox 320 5109 344 5171; x_wconf 91' lang='lat' dir='ltr'>t.</span> <span class='ocrx_word' id='word_1_385' title='bbox 360 5108 422 5171; x_wconf 85' lang='grc'><strong>254</strong></span> <span class='ocrx_word' id='word_1_386' title='bbox 444 5127 473 5172; x_wconf 88' lang='grc'>11.</span> <span class='ocrx_word' id='word_1_387' title='bbox 488 5107 547 5171; x_wconf 92' lang='grc'>772</span> <span class='ocrx_word' id='word_1_388' title='bbox 567 5106 639 5172; x_wconf 89' lang='lat' dir='ltr'>alia.</span> <span class='ocrx_word' id='word_1_389' title='bbox 669 5104 809 5172; x_wconf 82' lang='lat' dir='ltr'>Conferri</span> <span class='ocrx_word' id='word_1_390' title='bbox 831 5105 931 5186; x_wconf 91' lang='lat' dir='ltr'>potest</span> <span class='ocrx_word' id='word_1_391' title='bbox 953 5105 1047 5187; x_wconf 87' lang='lat' dir='ltr'>caput</span> <span class='ocrx_word' id='word_1_392' title='bbox 1068 5105 1167 5171; x_wconf 90' lang='lat' dir='ltr'>leonis</span> <span class='ocrx_word' id='word_1_393' title='bbox 1188 5106 1270 5188; x_wconf 89' lang='lat' dir='ltr'>pilae</span> <span class='ocrx_word' id='word_1_394' title='bbox 1291 5104 1397 5170; x_wconf 89' lang='lat' dir='ltr'>sacelli</span> <span class='ocrx_word' id='word_1_395' title='bbox 1419 5104 1467 5168; x_wconf 89' lang='lat' dir='ltr'>dis</span> <span class='ocrx_word' id='word_1_396' title='bbox 1490 5105 1633 5169; x_wconf 88' lang='lat' dir='ltr'>manibus</span> <span class='ocrx_word' id='word_1_397' title='bbox 1655 5103 1752 5168; x_wconf 87' lang='lat' dir='ltr'>dicati</span> <span class='ocrx_word' id='word_1_398' title='bbox 1774 5105 2002 5188; x_wconf 87' lang='lat' dir='ltr'>superpositum</span> <span class='ocrx_word' id='word_1_399' title='bbox 2024 5105 2123 5189; x_wconf 81' lang='lat' dir='ltr'>Myris</span> 
     </span>
     <span class='ocr_line' id='line_1_35' title="bbox 321 5209 2032 5300; baseline -0.001 -21"><span class='ocrx_word' id='word_1_400' title='bbox 321 5216 354 5279; x_wconf 91' lang='grc'><strong>711</strong></span> <span class='ocrx_word' id='word_1_401' title='bbox 365 5215 461 5300; x_wconf 79' lang='lat' dir='ltr'>Lycia</span> <span class='ocrx_word' id='word_1_402' title='bbox 478 5213 656 5296; x_wconf 76' lang='grc'><strong>(6771777,</strong></span> <span class='ocrx_word' id='word_1_403' title='bbox 679 5213 870 5295; x_wconf 75' lang='lat' dir='ltr'>description</span> <span class='ocrx_word' id='word_1_404' title='bbox 884 5209 1034 5279; x_wconf 70' lang='grc'><strong>77714777</strong></span> <span class='ocrx_word' id='word_1_405' title='bbox 1047 5215 1187 5278; x_wconf 72' lang='lat' dir='ltr'>miserare</span> <span class='ocrx_word' id='word_1_406' title='bbox 1201 5213 1325 5278; x_wconf 82' lang='grc'><strong>1171111</strong></span> <span class='ocrx_word' id='word_1_407' title='bbox 1341 5215 1363 5278; x_wconf 93' lang='grc'>7.</span> <span class='ocrx_word' id='word_1_408' title='bbox 1375 5215 1436 5278; x_wconf 88' lang='grc'>226</span> <span class='ocrx_word' id='word_1_409' title='bbox 1459 5213 1598 5290; x_wconf 81' lang='lat' dir='ltr'>Fadana,</span> <span class='ocrx_word' id='word_1_410' title='bbox 1621 5233 1664 5277; x_wconf 80' lang='lat' dir='ltr'>aa</span> <span class='ocrx_word' id='word_1_411' title='bbox 1677 5219 1809 5278; x_wconf 78' lang='grc'><strong>7777777</strong></span> <span class='ocrx_word' id='word_1_412' title='bbox 1826 5215 1890 5280; x_wconf 90' lang='lat' dir='ltr'>tab.</span> <span class='ocrx_word' id='word_1_413' title='bbox 1905 5233 1934 5297; x_wconf 91' lang='lat' dir='ltr'>p.</span> <span class='ocrx_word' id='word_1_414' title='bbox 1948 5213 2032 5296; x_wconf 88' lang='grc'><strong>197).</strong></span> 
     </span>
    </p>

    <p class='ocr_par' dir='ltr' id='par_1_8' title="bbox 426 5320 1951 5405">
     <span class='ocr_line' id='line_1_36' title="bbox 426 5320 1951 5405; baseline -0.002 -18"><span class='ocrx_word' id='word_1_415' title='bbox 426 5322 459 5405; x_wconf 90' lang='grc'>4)</span> <span class='ocrx_word' id='word_1_416' title='bbox 482 5323 602 5402; x_wconf 71' lang='lat' dir='ltr'>Clarae</span> <span class='ocrx_word' id='word_1_417' title='bbox 623 5325 726 5388; x_wconf 74' lang='lat' dir='ltr'>muse</span> <span class='ocrx_word' id='word_1_418' title='bbox 747 5323 785 5388; x_wconf 83' lang='lat' dir='ltr'>dc</span> <span class='ocrx_word' id='word_1_419' title='bbox 806 5321 966 5404; x_wconf 69' lang='grc'><strong>7771777777</strong></span> <span class='ocrx_word' id='word_1_420' title='bbox 987 5324 1010 5386; x_wconf 89' lang='grc'>7.</span> <span class='ocrx_word' id='word_1_421' title='bbox 1027 5325 1089 5388; x_wconf 87' lang='grc'>223</span> <span class='ocrx_word' id='word_1_422' title='bbox 1111 5343 1140 5389; x_wconf 90' lang='grc'>11.</span> <span class='ocrx_word' id='word_1_423' title='bbox 1158 5324 1218 5388; x_wconf 87' lang='grc'><strong>139</strong></span> <span class='ocrx_word' id='word_1_424' title='bbox 1241 5322 1279 5389; x_wconf 89' lang='lat' dir='ltr'>ci.</span> <span class='ocrx_word' id='word_1_425' title='bbox 1302 5320 1505 5400; x_wconf 73' lang='lat' dir='ltr'>Friedericha</span> <span class='ocrx_word' id='word_1_426' title='bbox 1527 5321 1687 5386; x_wconf 75' lang='grc'><strong>7711777777</strong></span> <span class='ocrx_word' id='word_1_427' title='bbox 1707 5340 1737 5403; x_wconf 89' lang='lat' dir='ltr'>p.</span> <span class='ocrx_word' id='word_1_428' title='bbox 1753 5323 1814 5386; x_wconf 87' lang='grc'>535</span> <span class='ocrx_word' id='word_1_429' title='bbox 1837 5339 1867 5384; x_wconf 93' lang='grc'>11.</span> <span class='ocrx_word' id='word_1_430' title='bbox 1880 5323 1951 5385; x_wconf 89' lang='grc'><strong>930.</strong></span> 
     </span>
    </p>

    <p class='ocr_par' dir='ltr' id='par_1_9' title="bbox 427 5431 1791 5516">
     <span class='ocr_line' id='line_1_37' title="bbox 427 5431 1791 5516; baseline -0.003 -18"><span class='ocrx_word' id='word_1_431' title='bbox 427 5433 460 5514; x_wconf 88' lang='grc'>5)</span> <span class='ocrx_word' id='word_1_432' title='bbox 485 5432 593 5496; x_wconf 82' lang='lat' dir='ltr'>Teriar</span> <span class='ocrx_word' id='word_1_433' title='bbox 614 5431 635 5496; x_wconf 94' lang='lat' dir='ltr'>l.</span> <span class='ocrx_word' id='word_1_434' title='bbox 655 5451 679 5496; x_wconf 90' lang='lat' dir='ltr'>s.</span> <span class='ocrx_word' id='word_1_435' title='bbox 702 5433 751 5497; x_wconf 95' lang='grc'>111</span> <span class='ocrx_word' id='word_1_436' title='bbox 773 5433 797 5497; x_wconf 91' lang='grc'>7.</span> <span class='ocrx_word' id='word_1_437' title='bbox 816 5433 878 5496; x_wconf 89' lang='grc'>225</span> <span class='ocrx_word' id='word_1_438' title='bbox 900 5431 939 5497; x_wconf 85' lang='lat' dir='ltr'>cl.</span> <span class='ocrx_word' id='word_1_439' title='bbox 962 5433 1004 5496; x_wconf 92' lang='lat' dir='ltr'>id.</span> <span class='ocrx_word' id='word_1_440' title='bbox 1026 5451 1055 5515; x_wconf 91' lang='lat' dir='ltr'>p.</span> <span class='ocrx_word' id='word_1_441' title='bbox 1068 5434 1132 5498; x_wconf 91' lang='grc'><strong>239</strong></span> <span class='ocrx_word' id='word_1_442' title='bbox 1142 5452 1187 5516; x_wconf 88' lang='lat' dir='ltr'>sq.</span> <span class='ocrx_word' id='word_1_443' title='bbox 1209 5433 1350 5506; x_wconf 79' lang='lat' dir='ltr'>Fellorrs,</span> <span class='ocrx_word' id='word_1_444' title='bbox 1374 5453 1418 5498; x_wconf 83' lang='lat' dir='ltr'>aa</span> <span class='ocrx_word' id='word_1_445' title='bbox 1437 5437 1568 5497; x_wconf 80' lang='grc'><strong>77771717</strong></span> <span class='ocrx_word' id='word_1_446' title='bbox 1588 5431 1651 5496; x_wconf 90' lang='lat' dir='ltr'>tab.</span> <span class='ocrx_word' id='word_1_447' title='bbox 1674 5450 1703 5513; x_wconf 89' lang='lat' dir='ltr'>p.</span> <span class='ocrx_word' id='word_1_448' title='bbox 1721 5432 1791 5496; x_wconf 89' lang='grc'><strong>197.</strong></span> 
     </span>
    </p>
   </div>
   <div class='ocr_carea' id='block_1_4' title="bbox 0 0 2573 6388">
    <p class='ocr_par' dir='ltr' id='par_1_10' title="bbox 0 0 2573 6388">
     <span class='ocr_line' id='line_1_38' title="bbox 0 0 2573 6388; baseline 0 0"><span class='ocrx_word' id='word_1_449' title='bbox 0 0 2573 6388; x_wconf 95' lang='lat' dir='ltr'> </span> 
     </span>
    </p>
   </div>
  </div>
 </body>
</html>
