<?xml version="1.0" encoding="UTF-8"?>
<!DOCTYPE html PUBLIC "-//W3C//DTD XHTML 1.0 Transitional//EN"
    "http://www.w3.org/TR/xhtml1/DTD/xhtml1-transitional.dtd">
<html xmlns="http://www.w3.org/1999/xhtml" xml:lang="en" lang="en">
 <head>
  <title>
</title>
<meta http-equiv="Content-Type" content="text/html;charset=utf-8" />
  <meta name='ocr-system' content='tesseract 3.04.00' />
  <meta name='ocr-capabilities' content='ocr_page ocr_carea ocr_par ocr_line ocrx_word'/>
</head>
<body>
  <div class='ocr_page' id='page_1' title='image "./deiliadiscarmin00usengoog_0041.png"; bbox 0 0 5124 6398; ppageno 0'>
   <div class='ocr_carea' id='block_1_1' title="bbox 1327 671 1387 758">
    <p class='ocr_par' dir='ltr' id='par_1_1' title="bbox 1327 671 1387 758">
     <span class='ocr_line' id='line_1_1' title="bbox 1327 671 1387 758; baseline 0 0"><span class='ocrx_word' id='word_1_1' title='bbox 1327 671 1387 758; x_wconf 79' lang='lat'>34</span> 
     </span>
    </p>
   </div>
   <div class='ocr_carea' id='block_1_2' title="bbox 452 917 2257 1611">
    <p class='ocr_par' dir='ltr' id='par_1_2' title="bbox 452 917 2257 1611">
     <span class='ocr_line' id='line_1_2' title="bbox 453 917 2255 1031; baseline -0.002 -23"><span class='ocrx_word' id='word_1_2' title='bbox 453 921 569 1030; x_wconf 80' lang='lat' dir='ltr'>erigit</span> <span class='ocrx_word' id='word_1_3' title='bbox 600 920 711 1028; x_wconf 83' lang='lat' dir='ltr'>quasi</span> <span class='ocrx_word' id='word_1_4' title='bbox 738 919 847 1006; x_wconf 90' lang='lat' dir='ltr'>illum</span> <span class='ocrx_word' id='word_1_5' title='bbox 878 929 1084 1031; x_wconf 85' lang='lat' dir='ltr'>capturus,</span> <span class='ocrx_word' id='word_1_6' title='bbox 1129 921 1181 1003; x_wconf 89' lang='lat' dir='ltr'>ad</span> <span class='ocrx_word' id='word_1_7' title='bbox 1223 920 1347 1031; x_wconf 87' lang='lat' dir='ltr'>pedes</span> <span class='ocrx_word' id='word_1_8' title='bbox 1395 920 1524 1006; x_wconf 84' lang='lat' dir='ltr'><strong>adstat</strong></span> <span class='ocrx_word' id='word_1_9' title='bbox 1564 917 1717 1005; x_wconf 91' lang='lat' dir='ltr'>iuuenis</span> <span class='ocrx_word' id='word_1_10' title='bbox 1757 921 1888 1005; x_wconf 91' lang='lat' dir='ltr'>nudus</span> <span class='ocrx_word' id='word_1_11' title='bbox 1919 919 2077 1006; x_wconf 92' lang='lat' dir='ltr'>homine</span> <span class='ocrx_word' id='word_1_12' title='bbox 2119 917 2255 1016; x_wconf 89' lang='lat' dir='ltr'>maior,</span> 
     </span>
     <span class='ocr_line' id='line_1_3' title="bbox 454 1063 2257 1176; baseline -0.002 -25"><span class='ocrx_word' id='word_1_13' title='bbox 454 1067 522 1176; x_wconf 91' lang='lat' dir='ltr'>qui</span> <span class='ocrx_word' id='word_1_14' title='bbox 552 1063 707 1150; x_wconf 91' lang='lat' dir='ltr'>sinistra</span> <span class='ocrx_word' id='word_1_15' title='bbox 744 1072 951 1175; x_wconf 90' lang='lat' dir='ltr'>praetensa</span> <span class='ocrx_word' id='word_1_16' title='bbox 988 1074 1027 1148; x_wconf 90' lang='lat' dir='ltr'>et</span> <span class='ocrx_word' id='word_1_17' title='bbox 1057 1090 1181 1174; x_wconf 92' lang='lat' dir='ltr'>prono</span> <span class='ocrx_word' id='word_1_18' title='bbox 1210 1091 1372 1175; x_wconf 90' lang='lat' dir='ltr'>corpore</span> <span class='ocrx_word' id='word_1_19' title='bbox 1416 1064 1600 1164; x_wconf 90' lang='lat' dir='ltr'>obnisus,</span> <span class='ocrx_word' id='word_1_20' title='bbox 1645 1066 1781 1150; x_wconf 86' lang='lat' dir='ltr'>dextra</span> <span class='ocrx_word' id='word_1_21' title='bbox 1821 1064 2015 1149; x_wconf 86' lang='lat' dir='ltr'>incertum</span> <span class='ocrx_word' id='word_1_22' title='bbox 2055 1064 2149 1172; x_wconf 88' lang='lat' dir='ltr'>qnid</span> <span class='ocrx_word' id='word_1_23' title='bbox 2189 1063 2257 1150; x_wconf 90' lang='lat' dir='ltr'>teli</span> 
     </span>
     <span class='ocr_line' id='line_1_4' title="bbox 452 1206 2256 1321; baseline -0.001 -27"><span class='ocrx_word' id='word_1_24' title='bbox 452 1209 613 1296; x_wconf 89' lang='lat' dir='ltr'>uibrans</span> <span class='ocrx_word' id='word_1_25' title='bbox 634 1207 831 1319; x_wconf 77' lang='lat' dir='ltr'>depellere</span> <span class='ocrx_word' id='word_1_26' title='bbox 851 1206 1007 1292; x_wconf 92' lang='lat' dir='ltr'>leonem</span> <span class='ocrx_word' id='word_1_27' title='bbox 1028 1217 1200 1291; x_wconf 75' lang='lat' dir='ltr'>conatum.</span> <span class='ocrx_word' id='word_1_28' title='bbox 1244 1235 1347 1319; x_wconf 95' lang='lat' dir='ltr'>pone</span> <span class='ocrx_word' id='word_1_29' title='bbox 1383 1208 1530 1294; x_wconf 91' lang='lat' dir='ltr'>lectum</span> <span class='ocrx_word' id='word_1_30' title='bbox 1560 1236 1675 1321; x_wconf 88' lang='lat' dir='ltr'>prora</span> <span class='ocrx_word' id='word_1_31' title='bbox 1707 1208 1819 1294; x_wconf 90' lang='lat' dir='ltr'>nauis</span> <span class='ocrx_word' id='word_1_32' title='bbox 1851 1208 2099 1319; x_wconf 79' lang='lat' dir='ltr'>conspicitur.</span> <span class='ocrx_word' id='word_1_33' title='bbox 2148 1207 2256 1313; x_wconf 80' lang='lat' dir='ltr'>Quae</span> 
     </span>
     <span class='ocr_line' id='line_1_5' title="bbox 452 1351 2257 1463; baseline -0.001 -23"><span class='ocrx_word' id='word_1_34' title='bbox 452 1363 496 1440; x_wconf 91' lang='lat' dir='ltr'>ut</span> <span class='ocrx_word' id='word_1_35' title='bbox 532 1354 831 1461; x_wconf 83' lang='lat' dir='ltr'>intellegantur,</span> <span class='ocrx_word' id='word_1_36' title='bbox 873 1351 951 1437; x_wconf 91' lang='lat' dir='ltr'>hoc</span> <span class='ocrx_word' id='word_1_37' title='bbox 992 1351 1233 1463; x_wconf 83' lang='lat' dir='ltr'>epigramma</span> <span class='ocrx_word' id='word_1_38' title='bbox 1273 1353 1374 1437; x_wconf 88' lang='lat' dir='ltr'>inlra</span> <span class='ocrx_word' id='word_1_39' title='bbox 1422 1352 1611 1463; x_wconf 90' lang='lat' dir='ltr'>scriptum</span> <span class='ocrx_word' id='word_1_40' title='bbox 1648 1362 1727 1452; x_wconf 82' lang='lat' dir='ltr'>est,</span> <span class='ocrx_word' id='word_1_41' title='bbox 1779 1354 1905 1462; x_wconf 84' lang='lat' dir='ltr'>quod,</span> <span class='ocrx_word' id='word_1_42' title='bbox 1956 1352 2139 1462; x_wconf 87' lang='lat' dir='ltr'>qnoniam</span> <span class='ocrx_word' id='word_1_43' title='bbox 2178 1379 2257 1438; x_wconf 93' lang='lat' dir='ltr'>non</span> 
     </span>
     <span class='ocr_line' id='line_1_6' title="bbox 453 1495 2256 1611; baseline -0.001 -27"><span class='ocrx_word' id='word_1_44' title='bbox 453 1527 577 1611; x_wconf 90' lang='lat' dir='ltr'>panca</span> <span class='ocrx_word' id='word_1_45' title='bbox 607 1497 740 1583; x_wconf 90' lang='lat' dir='ltr'>insunt</span> <span class='ocrx_word' id='word_1_46' title='bbox 772 1495 913 1597; x_wconf 86' lang='lat' dir='ltr'>dubia,</span> <span class='ocrx_word' id='word_1_47' title='bbox 955 1498 1151 1608; x_wconf 87' lang='lat' dir='ltr'>adponam</span> <span class='ocrx_word' id='word_1_48' title='bbox 1190 1497 1304 1605; x_wconf 86' lang='lat' dir='ltr'>quale</span> <span class='ocrx_word' id='word_1_49' title='bbox 1339 1497 1382 1580; x_wconf 91' lang='lat' dir='ltr'>in</span> <span class='ocrx_word' id='word_1_50' title='bbox 1413 1506 1668 1582; x_wconf 90' lang='lat' dir='ltr'>monumento</span> <span class='ocrx_word' id='word_1_51' title='bbox 1697 1495 1843 1604; x_wconf 86' lang='lat' dir='ltr'>legitur</span> <span class='ocrx_word' id='word_1_52' title='bbox 1883 1498 2104 1583; x_wconf 89' lang='lat' dir='ltr'>secundnm</span> <span class='ocrx_word' id='word_1_53' title='bbox 2135 1505 2256 1584; x_wconf 90' lang='lat' dir='ltr'>testes</span> 
     </span>
    </p>
   </div>
   <div class='ocr_carea' id='block_1_3' title="bbox 454 1641 2027 2480">
    <p class='ocr_par' dir='ltr' id='par_1_3' title="bbox 454 1641 2027 2480">
     <span class='ocr_line' id='line_1_7' title="bbox 454 1641 760 1729; baseline -0.01 0"><span class='ocrx_word' id='word_1_54' title='bbox 454 1641 760 1729; x_wconf 90' lang='lat' dir='ltr'>oculatissimos:</span> 
     </span>
     <span class='ocr_line' id='line_1_8' title="bbox 753 1779 1893 1858; baseline 0.001 -4"><span class='ocrx_word' id='word_1_55' title='bbox 753 1779 1893 1858; x_wconf 69' lang='grc' dir='ltr'>ΛΛΗΘΕΙξΑΝΟΡΟΓΙΩΝΘΑΥΛΛΑΣΕΤΩΕΙΚΟΝΑΤΗΝΔΕ</span> 
     </span>
     <span class='ocr_line' id='line_1_9' title="bbox 757 1906 2013 1981; baseline 0 -2"><span class='ocrx_word' id='word_1_56' title='bbox 757 1907 1044 1979; x_wconf 64' lang='lat' dir='ltr'>(hinesloten</span> <span class='ocrx_word' id='word_1_57' title='bbox 1052 1906 1666 1979; x_wconf 76' lang='grc' dir='ltr'>ΑΛΕΛΕΩΝΡΕΡΙΔΕΓΠΡΩΙΡΙΓ</span> <span class='ocrx_word' id='word_1_58' title='bbox 1672 1908 2013 1981; x_wconf 76' lang='grc' dir='ltr'>ΚΤΕΤΑΝΥΣΤΑΙ</span> 
     </span>
     <span class='ocr_line' id='line_1_10' title="bbox 757 2031 1824 2106; baseline 0.004 -4"><span class='ocrx_word' id='word_1_59' title='bbox 757 2031 1824 2106; x_wconf 76' lang='grc' dir='ltr'>ΗΛΟΕΓΑΡΕΙΧΘΡΟΛΕΩΝΤΑΜΑΟΕΛΩΝΣΠΟΡΑΣΑΙ</span> 
     </span>
     <span class='ocr_line' id='line_1_11' title="bbox 755 2149 2027 2232; baseline -0.002 -3"><span class='ocrx_word' id='word_1_60' title='bbox 755 2149 2027 2232; x_wconf 74' lang='grc' dir='ltr'>ΑΛΛΑΦΙΛΟΙΤΗΜΥΝΑΝΚΑΙΛΛΟΥΚΤΕΡΙΣΑΝΤᾹΦΟΝΟΥΤΕΙ</span> 
     </span>
     <span class='ocr_line' id='line_1_12' title="bbox 755 2279 1788 2355; baseline 0.002 -1"><span class='ocrx_word' id='word_1_61' title='bbox 755 2279 1788 2355; x_wconf 77' lang='grc' dir='ltr'>ΟΥΣΕΟΕΛΟΝΦΙΛΕΩΝΙΕΡΑΣΑΓΙΟΝΗΟΣΙΟΝΤΕΣ</span> 
     </span>
     <span class='ocr_line' id='line_1_13' title="bbox 758 2403 1945 2480; baseline 0 -3"><span class='ocrx_word' id='word_1_62' title='bbox 758 2403 1945 2480; x_wconf 68' lang='lat' dir='ltr'>couniretnnenwometnexeontsnmaxfixarnmm</span> 
     </span>
    </p>
   </div>
   <div class='ocr_carea' id='block_1_4' title="bbox 457 2533 2259 3025">
    <p class='ocr_par' dir='ltr' id='par_1_4' title="bbox 457 2533 2259 3025">
     <span class='ocr_line' id='line_1_14' title="bbox 457 2533 2259 2646; baseline -0.001 -24"><span class='ocrx_word' id='word_1_63' title='bbox 457 2535 534 2622; x_wconf 90' lang='lat' dir='ltr'>hoc</span> <span class='ocrx_word' id='word_1_64' title='bbox 570 2543 642 2632; x_wconf 90' lang='lat' dir='ltr'>est,</span> <span class='ocrx_word' id='word_1_65' title='bbox 673 2542 717 2617; x_wconf 92' lang='lat' dir='ltr'>ut</span> <span class='ocrx_word' id='word_1_66' title='bbox 748 2533 1006 2618; x_wconf 84' lang='lat' dir='ltr'>transcribam</span> <span class='ocrx_word' id='word_1_67' title='bbox 1044 2533 1099 2620; x_wconf 91' lang='lat' dir='ltr'>cis</span> <span class='ocrx_word' id='word_1_68' title='bbox 1135 2543 1288 2620; x_wconf 90' lang='lat' dir='ltr'>tantum</span> <span class='ocrx_word' id='word_1_69' title='bbox 1327 2535 1511 2622; x_wconf 82' lang='lat' dir='ltr'>correctis</span> <span class='ocrx_word' id='word_1_70' title='bbox 1549 2563 1648 2644; x_wconf 91' lang='lat' dir='ltr'>quae</span> <span class='ocrx_word' id='word_1_71' title='bbox 1679 2535 1847 2645; x_wconf 88' lang='lat' dir='ltr'>lapicida</span> <span class='ocrx_word' id='word_1_72' title='bbox 1879 2563 2064 2646; x_wconf 89' lang='lat' dir='ltr'>peccasse</span> <span class='ocrx_word' id='word_1_73' title='bbox 2100 2534 2259 2620; x_wconf 89' lang='lat' dir='ltr'>uidetur</span> 
     </span>
     <span class='ocr_line' id='line_1_15' title="bbox 857 2672 1774 2770; baseline 0.001 -27"><span class='ocrx_word' id='word_1_74' title='bbox 857 2673 998 2757; x_wconf 58' lang='lat' dir='ltr'>moeste</span> <span class='ocrx_word' id='word_1_75' title='bbox 1024 2674 1226 2770; x_wconf 62' lang='grc' dir='ltr'><strong><em>ἀνθρώπων</em></strong></span> <span class='ocrx_word' id='word_1_76' title='bbox 1251 2672 1477 2765; x_wconf 63' lang='grc' dir='ltr'><strong><em>θαυμαζέτω</em></strong></span> <span class='ocrx_word' id='word_1_77' title='bbox 1502 2673 1627 2745; x_wconf 83' lang='grc' dir='ltr'><strong><em>εἰκόνα</em></strong></span> <span class='ocrx_word' id='word_1_78' title='bbox 1653 2672 1774 2770; x_wconf 77' lang='grc' dir='ltr'><strong><em>τήνδε,</em></strong></span> 
     </span>
     <span class='ocr_line' id='line_1_16' title="bbox 809 2795 1901 2898; baseline 0.005 -29"><span class='ocrx_word' id='word_1_79' title='bbox 809 2801 852 2881; x_wconf 81' lang='grc' dir='ltr'>ὡς</span> <span class='ocrx_word' id='word_1_80' title='bbox 878 2795 960 2898; x_wconf 78' lang='grc' dir='ltr'><strong><em>περί</em></strong></span> <span class='ocrx_word' id='word_1_81' title='bbox 982 2799 1050 2892; x_wconf 84' lang='grc' dir='ltr'>μέν</span> <span class='ocrx_word' id='word_1_82' title='bbox 1076 2825 1120 2892; x_wconf 86' lang='grc' dir='ltr'>με</span> <span class='ocrx_word' id='word_1_83' title='bbox 1148 2799 1250 2889; x_wconf 83' lang='grc' dir='ltr'><strong><em>λέον,</em></strong></span> <span class='ocrx_word' id='word_1_84' title='bbox 1277 2799 1359 2896; x_wconf 78' lang='grc' dir='ltr'><strong><em>πέρι</em></strong></span> <span class='ocrx_word' id='word_1_85' title='bbox 1382 2796 1422 2872; x_wconf 84' lang='grc' dir='ltr'>δέ</span> <span class='ocrx_word' id='word_1_86' title='bbox 1449 2801 1569 2898; x_wconf 74' lang='lat' dir='ltr'>apoiap’</span> <span class='ocrx_word' id='word_1_87' title='bbox 1600 2801 1901 2894; x_wconf 76' lang='grc' dir='ltr'><strong><em>ἱγκτιτάνυσται.</em></strong></span> 
     </span>
     <span class='ocr_line' id='line_1_17' title="bbox 906 2917 1861 3025; baseline 0.004 -32"><span class='ocrx_word' id='word_1_88' title='bbox 906 2917 999 3006; x_wconf 57' lang='grc' dir='ltr'>ἦλθε</span> <span class='ocrx_word' id='word_1_89' title='bbox 1023 2925 1092 3024; x_wconf 73' lang='grc' dir='ltr'>γὰρ</span> <span class='ocrx_word' id='word_1_90' title='bbox 1117 2924 1342 3024; x_wconf 63' lang='grc' dir='ltr'><strong><em>είχὲρολέων</em></strong></span> <span class='ocrx_word' id='word_1_91' title='bbox 1368 2923 1473 3016; x_wconf 82' lang='grc' dir='ltr'>τάμὰ</span> <span class='ocrx_word' id='word_1_92' title='bbox 1499 2925 1619 2996; x_wconf 66' lang='grc' dir='ltr'><strong><em>θέλον</em></strong></span> <span class='ocrx_word' id='word_1_93' title='bbox 1646 2928 1861 3025; x_wconf 79' lang='grc' dir='ltr'><strong><em>στορέσαι·</em></strong></span> 
     </span>
    </p>
   </div>
   <div class='ocr_carea' id='block_1_5' title="bbox 807 3045 1950 3148">
    <p class='ocr_par' dir='ltr' id='par_1_5' title="bbox 807 3045 1950 3148">
     <span class='ocr_line' id='line_1_18' title="bbox 807 3045 1950 3148; baseline 0.002 -28"><span class='ocrx_word' id='word_1_94' title='bbox 807 3048 908 3120; x_wconf 86' lang='grc' dir='ltr'><strong><em>ἀλλὰ</em></strong></span> <span class='ocrx_word' id='word_1_95' title='bbox 934 3047 1040 3148; x_wconf 81' lang='grc' dir='ltr'><strong><em>φίλοι</em></strong></span> <span class='ocrx_word' id='word_1_96' title='bbox 1066 3047 1099 3120; x_wconf 82' lang='grc' dir='ltr'>τ’</span> <span class='ocrx_word' id='word_1_97' title='bbox 1125 3045 1265 3143; x_wconf 80' lang='grc' dir='ltr'><strong><em>ἤμυναν</em></strong></span> <span class='ocrx_word' id='word_1_98' title='bbox 1292 3045 1356 3119; x_wconf 84' lang='grc' dir='ltr'>καί</span> <span class='ocrx_word' id='word_1_99' title='bbox 1381 3076 1453 3141; x_wconf 87' lang='grc' dir='ltr'><strong><em>μου</em></strong></span> <span class='ocrx_word' id='word_1_100' title='bbox 1480 3050 1656 3145; x_wconf 83' lang='grc' dir='ltr'><strong><em>κτέρισαν</em></strong></span> <span class='ocrx_word' id='word_1_101' title='bbox 1682 3051 1807 3148; x_wconf 82' lang='grc' dir='ltr'><strong><em>τάφον</em></strong></span> <span class='ocrx_word' id='word_1_102' title='bbox 1833 3056 1950 3147; x_wconf 82' lang='grc' dir='ltr'><strong><em>ούτεῖ,</em></strong></span> 
     </span>
    </p>
   </div>
   <div class='ocr_carea' id='block_1_6' title="bbox 756 3167 1828 3399">
    <p class='ocr_par' dir='ltr' id='par_1_6' title="bbox 756 3167 1828 3399">
     <span class='ocr_line' id='line_1_19' title="bbox 756 3167 1686 3273; baseline 0.005 -30"><span class='ocrx_word' id='word_1_103' title='bbox 756 3172 782 3250; x_wconf 84' lang='lat'>5</span> <span class='ocrx_word' id='word_1_104' title='bbox 807 3169 868 3255; x_wconf 79' lang='grc' dir='ltr'><strong><em>οὓς</em></strong></span> <span class='ocrx_word' id='word_1_105' title='bbox 893 3167 1023 3244; x_wconf 62' lang='grc' dir='ltr'><strong><em>ἔθελον</em></strong></span> <span class='ocrx_word' id='word_1_106' title='bbox 1046 3175 1193 3273; x_wconf 73' lang='grc' dir='ltr'><strong><em>φιλέων,</em></strong></span> <span class='ocrx_word' id='word_1_107' title='bbox 1223 3173 1319 3271; x_wconf 83' lang='grc' dir='ltr'><strong><em>ἱεροῖς</em></strong></span> <span class='ocrx_word' id='word_1_108' title='bbox 1345 3174 1420 3244; x_wconf 84' lang='grc' dir='ltr'>ἀπὸ</span> <span class='ocrx_word' id='word_1_109' title='bbox 1447 3173 1529 3256; x_wconf 81' lang='grc' dir='ltr'><strong><em>νηὸς</em></strong></span> <span class='ocrx_word' id='word_1_110' title='bbox 1556 3173 1686 3257; x_wconf 83' lang='grc' dir='ltr'><strong><em>ἱέντες.</em></strong></span> 
     </span>
     <span class='ocr_line' id='line_1_20' title="bbox 809 3292 1828 3399; baseline 0 -29"><span class='ocrx_word' id='word_1_111' title='bbox 809 3297 979 3380; x_wconf 79' lang='grc' dir='ltr'><strong><em>Φοινίκην</em></strong></span> <span class='ocrx_word' id='word_1_112' title='bbox 1006 3293 1047 3370; x_wconf 80' lang='grc' dir='ltr'>δέ</span> <span class='ocrx_word' id='word_1_113' title='bbox 1074 3299 1189 3369; x_wconf 81' lang='grc' dir='ltr'><strong><em>λιπὼν</em></strong></span> <span class='ocrx_word' id='word_1_114' title='bbox 1213 3292 1315 3380; x_wconf 72' lang='lat' dir='ltr'>ariade</span> <span class='ocrx_word' id='word_1_115' title='bbox 1341 3297 1456 3395; x_wconf 66' lang='grc' dir='ltr'><strong><em>χθονὶ</em></strong></span> <span class='ocrx_word' id='word_1_116' title='bbox 1482 3305 1590 3393; x_wconf 75' lang='grc' dir='ltr'><strong><em>σῶμα</em></strong></span> <span class='ocrx_word' id='word_1_117' title='bbox 1615 3301 1828 3399; x_wconf 81' lang='grc' dir='ltr'><strong><em>κέκρομμαι.</em></strong></span> 
     </span>
    </p>
   </div>
   <div class='ocr_carea' id='block_1_7' title="bbox 561 3448 2260 3549">
    <p class='ocr_par' dir='ltr' id='par_1_7' title="bbox 561 3448 2260 3549">
     <span class='ocr_line' id='line_1_21' title="bbox 561 3448 2260 3549; baseline 0.008 -29"><span class='ocrx_word' id='word_1_118' title='bbox 561 3458 581 3520; x_wconf 87' lang='grc'>2</span> <span class='ocrx_word' id='word_1_119' title='bbox 605 3451 706 3523; x_wconf 84' lang='grc' dir='ltr'>ΔΕΓ</span> <span class='ocrx_word' id='word_1_120' title='bbox 710 3448 1265 3523; x_wconf 70' lang='grc' dir='ltr'>ΓΙΡΩΙΡΙΓΚΤΕΤΑΝΥΣΤΑΙι</span> <span class='ocrx_word' id='word_1_121' title='bbox 1289 3461 1325 3528; x_wconf 80' lang='grc' dir='ltr'>δὲ</span> <span class='ocrx_word' id='word_1_122' title='bbox 1345 3462 1450 3548; x_wconf 71' lang='grc' dir='ltr'><em>πρῴρ*</em></span> <span class='ocrx_word' id='word_1_123' title='bbox 1475 3458 1702 3530; x_wconf 78' lang='grc' dir='ltr'><strong><em>ἐκτετάνοσται</em></strong></span> <span class='ocrx_word' id='word_1_124' title='bbox 1723 3465 1921 3549; x_wconf 86' lang='lat' dir='ltr'>Rhosopulus</span> <span class='ocrx_word' id='word_1_125' title='bbox 1944 3467 1984 3532; x_wconf 92' lang='lat' dir='ltr'>ad</span> <span class='ocrx_word' id='word_1_126' title='bbox 2005 3487 2129 3534; x_wconf 88' lang='lat' dir='ltr'>sensum</span> <span class='ocrx_word' id='word_1_127' title='bbox 2150 3467 2260 3533; x_wconf 88' lang='lat' dir='ltr'>rectis·</span> 
     </span>
    </p>
   </div>
   <div class='ocr_carea' id='block_1_8' title="bbox 460 3557 2319 4859">
    <p class='ocr_par' dir='ltr' id='par_1_8' title="bbox 460 3557 2319 4859">
     <span class='ocr_line' id='line_1_22' title="bbox 460 3557 2260 3659; baseline -0.002 -17"><span class='ocrx_word' id='word_1_128' title='bbox 460 3576 547 3653; x_wconf 88' lang='lat' dir='ltr'>sime,</span> <span class='ocrx_word' id='word_1_129' title='bbox 582 3567 652 3658; x_wconf 75' lang='lat' dir='ltr'>dp‘</span> <span class='ocrx_word' id='word_1_130' title='bbox 682 3565 800 3659; x_wconf 82' lang='grc' dir='ltr'><em>πρῴρη</em></span> <span class='ocrx_word' id='word_1_131' title='bbox 827 3564 1049 3635; x_wconf 72' lang='lat' dir='ltr'>&#39;anecdot-aroc</span> <span class='ocrx_word' id='word_1_132' title='bbox 1071 3570 1328 3636; x_wconf 88' lang='lat' dir='ltr'>Wachsmuthius</span> <span class='ocrx_word' id='word_1_133' title='bbox 1353 3571 1382 3636; x_wconf 83' lang='grc' dir='ltr'>δ’</span> <span class='ocrx_word' id='word_1_134' title='bbox 1411 3557 1452 3635; x_wconf 78' lang='grc' dir='ltr'>αὖ</span> <span class='ocrx_word' id='word_1_135' title='bbox 1481 3571 1587 3656; x_wconf 53' lang='grc' dir='ltr'>πρῷα</span> <span class='ocrx_word' id='word_1_136' title='bbox 1620 3567 1720 3634; x_wconf 69' lang='lat' dir='ltr'>ducac</span> <span class='ocrx_word' id='word_1_137' title='bbox 1752 3569 1882 3656; x_wconf 79' lang='lat' dir='ltr'>Sandys.</span> <span class='ocrx_word' id='word_1_138' title='bbox 1911 3573 2081 3638; x_wconf 88' lang='lat' dir='ltr'>articulum</span> <span class='ocrx_word' id='word_1_139' title='bbox 2102 3571 2177 3638; x_wconf 91' lang='lat' dir='ltr'>addi</span> <span class='ocrx_word' id='word_1_140' title='bbox 2198 3593 2260 3639; x_wconf 90' lang='lat' dir='ltr'>non</span> 
     </span>
     <span class='ocr_line' id='line_1_23' title="bbox 460 3675 2260 3769; baseline -0.001 -21"><span class='ocrx_word' id='word_1_141' title='bbox 460 3683 629 3769; x_wconf 83' lang='lat' dir='ltr'>probabile,</span> <span class='ocrx_word' id='word_1_142' title='bbox 650 3683 756 3764; x_wconf 89' lang='lat' dir='ltr'>itaque</span> <span class='ocrx_word' id='word_1_143' title='bbox 778 3685 809 3756; x_wconf 86' lang='grc' dir='ltr'>Γ</span> <span class='ocrx_word' id='word_1_144' title='bbox 833 3681 972 3745; x_wconf 87' lang='lat' dir='ltr'>litteram</span> <span class='ocrx_word' id='word_1_145' title='bbox 993 3679 1146 3762; x_wconf 85' lang='lat' dir='ltr'>lapicidae</span> <span class='ocrx_word' id='word_1_146' title='bbox 1167 3679 1296 3762; x_wconf 91' lang='lat' dir='ltr'>imputo.</span> <span class='ocrx_word' id='word_1_147' title='bbox 1320 3699 1381 3745; x_wconf 93' lang='lat' dir='ltr'>non</span> <span class='ocrx_word' id='word_1_148' title='bbox 1404 3679 1590 3745; x_wconf 90' lang='lat' dir='ltr'>mutandum</span> <span class='ocrx_word' id='word_1_149' title='bbox 1613 3679 1717 3744; x_wconf 89' lang='lat' dir='ltr'>censui</span> <span class='ocrx_word' id='word_1_150' title='bbox 1740 3675 1806 3763; x_wconf 71' lang='lat' dir='ltr'>oa-</span> <span class='ocrx_word' id='word_1_151' title='bbox 1827 3697 1882 3763; x_wconf 87' lang='lat' dir='ltr'>pro</span> <span class='ocrx_word' id='word_1_152' title='bbox 1897 3699 1932 3746; x_wconf 93' lang='lat' dir='ltr'>eo</span> <span class='ocrx_word' id='word_1_153' title='bbox 1948 3680 2031 3764; x_wconf 89' lang='lat' dir='ltr'>quod</span> <span class='ocrx_word' id='word_1_154' title='bbox 2052 3683 2099 3746; x_wconf 85' lang='lat' dir='ltr'>est</span> <span class='ocrx_word' id='word_1_155' title='bbox 2121 3677 2166 3761; x_wconf 80' lang='grc' dir='ltr'>ἐκ,</span> <span class='ocrx_word' id='word_1_156' title='bbox 2189 3701 2260 3747; x_wconf 89' lang='lat' dir='ltr'>cum</span> 
     </span>
     <span class='ocr_line' id='line_1_24' title="bbox 460 3787 2260 3876; baseline -0.002 -17"><span class='ocrx_word' id='word_1_157' title='bbox 460 3796 534 3860; x_wconf 90' lang='lat' dir='ltr'>ante</span> <span class='ocrx_word' id='word_1_158' title='bbox 562 3791 716 3875; x_wconf 87' lang='lat' dir='ltr'>duplicem</span> <span class='ocrx_word' id='word_1_159' title='bbox 751 3791 970 3856; x_wconf 83' lang='lat' dir='ltr'>consonantem</span> <span class='ocrx_word' id='word_1_160' title='bbox 999 3787 1106 3854; x_wconf 87' lang='lat' dir='ltr'>littera</span> <span class='ocrx_word' id='word_1_161' title='bbox 1135 3789 1251 3855; x_wconf 85' lang='lat' dir='ltr'>casalis</span> <span class='ocrx_word' id='word_1_162' title='bbox 1281 3808 1378 3871; x_wconf 84' lang='lat' dir='ltr'>prena</span> <span class='ocrx_word' id='word_1_163' title='bbox 1407 3789 1488 3872; x_wconf 91' lang='lat' dir='ltr'>plebi</span> <span class='ocrx_word' id='word_1_164' title='bbox 1511 3791 1763 3874; x_wconf 87' lang='lat' dir='ltr'>pronuntiatione</span> <span class='ocrx_word' id='word_1_165' title='bbox 1783 3791 1874 3874; x_wconf 85' lang='lat' dir='ltr'>gigni</span> <span class='ocrx_word' id='word_1_166' title='bbox 1895 3790 1988 3856; x_wconf 89' lang='lat' dir='ltr'>facile</span> <span class='ocrx_word' id='word_1_167' title='bbox 2010 3792 2155 3874; x_wconf 89' lang='lat' dir='ltr'>potnerit.</span> <span class='ocrx_word' id='word_1_168' title='bbox 2200 3811 2260 3876; x_wconf 88' lang='lat' dir='ltr'>qna</span> 
     </span>
     <span class='ocr_line' id='line_1_25' title="bbox 465 3893 2260 3983; baseline -0.003 -14"><span class='ocrx_word' id='word_1_169' title='bbox 465 3903 587 3969; x_wconf 90' lang='lat' dir='ltr'>ratione</span> <span class='ocrx_word' id='word_1_170' title='bbox 611 3903 705 3967; x_wconf 89' lang='lat' dir='ltr'>otiam</span> <span class='ocrx_word' id='word_1_171' title='bbox 727 3902 760 3965; x_wconf 88' lang='lat' dir='ltr'>in</span> <span class='ocrx_word' id='word_1_172' title='bbox 782 3901 847 3964; x_wconf 86' lang='lat' dir='ltr'>u3</span> <span class='ocrx_word' id='word_1_173' title='bbox 868 3893 1069 3979; x_wconf 78' lang='grc' dir='ltr'><strong><em>είχθρολέων</em></strong></span> <span class='ocrx_word' id='word_1_174' title='bbox 1091 3897 1322 3982; x_wconf 85' lang='lat' dir='ltr'>diphthongum</span> <span class='ocrx_word' id='word_1_175' title='bbox 1343 3898 1445 3963; x_wconf 88' lang='lat' dir='ltr'>ortam</span> <span class='ocrx_word' id='word_1_176' title='bbox 1462 3897 1614 3977; x_wconf 83' lang='lat' dir='ltr'>existimo,</span> <span class='ocrx_word' id='word_1_177' title='bbox 1636 3899 1675 3963; x_wconf 86' lang='lat' dir='ltr'>cl.</span> <span class='ocrx_word' id='word_1_178' title='bbox 1688 3899 1713 3964; x_wconf 91' lang='lat' dir='ltr'>l.</span> <span class='ocrx_word' id='word_1_179' title='bbox 1726 3899 1877 3976; x_wconf 81' lang='lat' dir='ltr'>Schmidt,</span> <span class='ocrx_word' id='word_1_180' title='bbox 1899 3919 1959 3962; x_wconf 78' lang='grc' dir='ltr'>ναν</span> <span class='ocrx_word' id='word_1_181' title='bbox 1971 3896 2071 3982; x_wconf 75' lang='lat' dir='ltr'>pasci.</span> <span class='ocrx_word' id='word_1_182' title='bbox 2087 3899 2141 3964; x_wconf 83' lang='lat' dir='ltr'>des</span> <span class='ocrx_word' id='word_1_183' title='bbox 2153 3897 2260 3983; x_wconf 78' lang='lat' dir='ltr'>indop.</span> 
     </span>
     <span class='ocr_line' id='line_1_26' title="bbox 461 3998 2258 4091; baseline -0.002 -15"><span class='ocrx_word' id='word_1_184' title='bbox 461 4010 646 4078; x_wconf 72' lang='lat' dir='ltr'>occultamus</span> <span class='ocrx_word' id='word_1_185' title='bbox 666 4009 682 4074; x_wconf 94' lang='grc' dir='ltr'>Ι</span> <span class='ocrx_word' id='word_1_186' title='bbox 704 4027 731 4091; x_wconf 92' lang='lat' dir='ltr'>p.</span> <span class='ocrx_word' id='word_1_187' title='bbox 748 4005 808 4071; x_wconf 84' lang='grc'>122</span> <span class='ocrx_word' id='word_1_188' title='bbox 816 4025 861 4090; x_wconf 86' lang='lat' dir='ltr'>sq.</span> <span class='ocrx_word' id='word_1_189' title='bbox 982 4008 1002 4070; x_wconf 90' lang='lat'><strong>3</strong></span> <span class='ocrx_word' id='word_1_190' title='bbox 1030 4002 1218 4087; x_wconf 76' lang='grc' dir='ltr'><strong><em>ἕχθρολέων</em></strong></span> <span class='ocrx_word' id='word_1_191' title='bbox 1239 3998 1359 4071; x_wconf 85' lang='grc' dir='ltr'><strong><em>ταλαόν</em></strong></span> <span class='ocrx_word' id='word_1_192' title='bbox 1380 4027 1421 4087; x_wconf 90' lang='grc' dir='ltr'>με</span> <span class='ocrx_word' id='word_1_193' title='bbox 1443 4003 1554 4071; x_wconf 68' lang='grc' dir='ltr'><strong><em>θέλων</em></strong></span> <span class='ocrx_word' id='word_1_194' title='bbox 1575 4005 1729 4074; x_wconf 73' lang='grc' dir='ltr'><strong><em>σίνεσθαι</em></strong></span> <span class='ocrx_word' id='word_1_195' title='bbox 1751 4007 1887 4090; x_wconf 83' lang='lat' dir='ltr'>Sandys,</span> <span class='ocrx_word' id='word_1_196' title='bbox 1915 4003 2020 4090; x_wconf 48' lang='grc' dir='ltr'><strong><em>ἔχθρη</em></strong></span> <span class='ocrx_word' id='word_1_197' title='bbox 2048 4005 2209 4072; x_wconf 79' lang='grc' dir='ltr'><strong><em>ἐλιλαίετο</em></strong></span> <span class='ocrx_word' id='word_1_198' title='bbox 2231 4006 2258 4072; x_wconf 78' lang='lat' dir='ltr'>d&#39;</span> 
     </span>
     <span class='ocr_line' id='line_1_27' title="bbox 462 4111 2319 4202; baseline 0 -18"><span class='ocrx_word' id='word_1_199' title='bbox 462 4111 562 4185; x_wconf 82' lang='grc' dir='ltr'><strong><em>ὀστέα</em></strong></span> <span class='ocrx_word' id='word_1_200' title='bbox 581 4111 674 4202; x_wconf 84' lang='grc' dir='ltr'>ρἀσι</span> <span class='ocrx_word' id='word_1_201' title='bbox 696 4135 757 4181; x_wconf 87' lang='lat' dir='ltr'>van</span> <span class='ocrx_word' id='word_1_202' title='bbox 780 4114 895 4181; x_wconf 87' lang='lat' dir='ltr'>Sittart</span> <span class='ocrx_word' id='word_1_203' title='bbox 917 4114 999 4196; x_wconf 87' lang='lat' dir='ltr'>apud</span> <span class='ocrx_word' id='word_1_204' title='bbox 1022 4113 1117 4180; x_wconf 88' lang='lat' dir='ltr'>Sand.</span> <span class='ocrx_word' id='word_1_205' title='bbox 1139 4133 1167 4196; x_wconf 92' lang='lat' dir='ltr'>p.</span> <span class='ocrx_word' id='word_1_206' title='bbox 1183 4115 1238 4180; x_wconf 90' lang='lat'>53:</span> <span class='ocrx_word' id='word_1_207' title='bbox 1274 4117 1328 4198; x_wconf 89' lang='lat' dir='ltr'>qni</span> <span class='ocrx_word' id='word_1_208' title='bbox 1356 4134 1411 4180; x_wconf 92' lang='lat' dir='ltr'>cur</span> <span class='ocrx_word' id='word_1_209' title='bbox 1437 4117 1667 4198; x_wconf 88' lang='lat' dir='ltr'>pentametrum</span> <span class='ocrx_word' id='word_1_210' title='bbox 1696 4116 1813 4200; x_wconf 90' lang='lat' dir='ltr'>plebeio</span> <span class='ocrx_word' id='word_1_211' title='bbox 1844 4135 1929 4182; x_wconf 90' lang='lat' dir='ltr'>more</span> <span class='ocrx_word' id='word_1_212' title='bbox 1958 4117 2143 4182; x_wconf 88' lang='lat' dir='ltr'>hexametris</span> <span class='ocrx_word' id='word_1_213' title='bbox 2164 4117 2262 4184; x_wconf 90' lang='lat' dir='ltr'>inter·</span> <span class='ocrx_word' id='word_1_214' title='bbox 2310 4167 2319 4184; x_wconf 91' lang='lat'>.</span> 
     </span>
     <span class='ocr_line' id='line_1_28' title="bbox 462 4223 2261 4309; baseline -0.001 -16"><span class='ocrx_word' id='word_1_215' title='bbox 462 4229 593 4295; x_wconf 81' lang='lat' dir='ltr'>mixtum</span> <span class='ocrx_word' id='word_1_216' title='bbox 624 4243 686 4291; x_wconf 91' lang='lat' dir='ltr'>non</span> <span class='ocrx_word' id='word_1_217' title='bbox 711 4223 883 4308; x_wconf 87' lang='lat' dir='ltr'>patiantur,</span> <span class='ocrx_word' id='word_1_218' title='bbox 912 4241 1054 4288; x_wconf 87' lang='lat' dir='ltr'>caussam</span> <span class='ocrx_word' id='word_1_219' title='bbox 1079 4225 1144 4288; x_wconf 71' lang='lat' dir='ltr'>&#39;non</span> <span class='ocrx_word' id='word_1_220' title='bbox 1178 4224 1345 4306; x_wconf 79' lang='lat' dir='ltr'>perspici03</span> <span class='ocrx_word' id='word_1_221' title='bbox 1381 4224 1519 4290; x_wconf 91' lang='lat' dir='ltr'>necenim</span> <span class='ocrx_word' id='word_1_222' title='bbox 1547 4225 1618 4290; x_wconf 90' lang='lat' dir='ltr'>illos</span> <span class='ocrx_word' id='word_1_223' title='bbox 1647 4227 1696 4290; x_wconf 90' lang='lat' dir='ltr'>tot</span> <span class='ocrx_word' id='word_1_224' title='bbox 1724 4224 1890 4290; x_wconf 88' lang='lat' dir='ltr'>titulorum</span> <span class='ocrx_word' id='word_1_225' title='bbox 1916 4243 2100 4309; x_wconf 86' lang='lat' dir='ltr'>graecorum</span> <span class='ocrx_word' id='word_1_226' title='bbox 2124 4226 2261 4308; x_wconf 85' lang='lat' dir='ltr'>exempla</span> 
     </span>
     <span class='ocr_line' id='line_1_29' title="bbox 463 4323 2262 4422; baseline -0.002 -19"><span class='ocrx_word' id='word_1_227' title='bbox 463 4338 562 4403; x_wconf 90' lang='lat' dir='ltr'>latere</span> <span class='ocrx_word' id='word_1_228' title='bbox 584 4335 751 4419; x_wconf 88' lang='lat' dir='ltr'>potuerunt</span> <span class='ocrx_word' id='word_1_229' title='bbox 861 4323 1028 4413; x_wconf 76' lang='grc' dir='ltr'><strong><em>στορέσαι</em></strong></span> <span class='ocrx_word' id='word_1_230' title='bbox 1048 4331 1177 4398; x_wconf 87' lang='lat' dir='ltr'>barbare</span> <span class='ocrx_word' id='word_1_231' title='bbox 1198 4332 1319 4398; x_wconf 90' lang='lat' dir='ltr'>dictum</span> <span class='ocrx_word' id='word_1_232' title='bbox 1342 4354 1397 4417; x_wconf 93' lang='lat' dir='ltr'>pro</span> <span class='ocrx_word' id='word_1_233' title='bbox 1412 4327 1576 4416; x_wconf 79' lang='grc' dir='ltr'><strong><em>σπαράξαι</em></strong></span> <span class='ocrx_word' id='word_1_234' title='bbox 1599 4333 1752 4399; x_wconf 80' lang='lat' dir='ltr'>intellexit</span> <span class='ocrx_word' id='word_1_235' title='bbox 1767 4332 2021 4398; x_wconf 87' lang='lat' dir='ltr'>Wachsmuthius</span> <span class='ocrx_word' id='word_1_236' title='bbox 2121 4335 2142 4398; x_wconf 87' lang='grc'>4</span> <span class='ocrx_word' id='word_1_237' title='bbox 2165 4333 2262 4422; x_wconf 86' lang='grc' dir='ltr'><strong><em>φίλος</em></strong></span> 
     </span>
     <span class='ocr_line' id='line_1_30' title="bbox 463 4423 2262 4528; baseline 0 -18"><span class='ocrx_word' id='word_1_238' title='bbox 463 4444 491 4510; x_wconf 85' lang='grc' dir='ltr'>τ’</span> <span class='ocrx_word' id='word_1_239' title='bbox 519 4433 620 4528; x_wconf 69' lang='grc' dir='ltr'><strong><em>ἤμυνε</em></strong></span> <span class='ocrx_word' id='word_1_240' title='bbox 642 4439 696 4506; x_wconf 86' lang='grc' dir='ltr'>καί</span> <span class='ocrx_word' id='word_1_241' title='bbox 718 4439 884 4521; x_wconf 69' lang='grc' dir='ltr'><strong><em>ἐντέριοαν</em></strong></span> <span class='ocrx_word' id='word_1_242' title='bbox 904 4433 1011 4526; x_wconf 83' lang='grc' dir='ltr'><strong><em>τάφον</em></strong></span> <span class='ocrx_word' id='word_1_243' title='bbox 1031 4423 1124 4504; x_wconf 81' lang='grc' dir='ltr'><strong><em>οὗτοι</em></strong></span> <span class='ocrx_word' id='word_1_244' title='bbox 1146 4439 1277 4526; x_wconf 79' lang='lat' dir='ltr'>Sandys.</span> <span class='ocrx_word' id='word_1_245' title='bbox 1301 4463 1362 4508; x_wconf 92' lang='lat' dir='ltr'>non</span> <span class='ocrx_word' id='word_1_246' title='bbox 1380 4444 1523 4509; x_wconf 89' lang='lat' dir='ltr'>nostrum</span> <span class='ocrx_word' id='word_1_247' title='bbox 1538 4444 1584 4508; x_wconf 88' lang='lat' dir='ltr'>est</span> <span class='ocrx_word' id='word_1_248' title='bbox 1599 4442 1706 4508; x_wconf 90' lang='lat' dir='ltr'>docere</span> <span class='ocrx_word' id='word_1_249' title='bbox 1721 4442 1899 4520; x_wconf 81' lang='lat' dir='ltr'>barbarum,</span> <span class='ocrx_word' id='word_1_250' title='bbox 1925 4462 1985 4525; x_wconf 89' lang='lat' dir='ltr'>quo</span> <span class='ocrx_word' id='word_1_251' title='bbox 2008 4442 2099 4508; x_wconf 89' lang='lat' dir='ltr'>modo</span> <span class='ocrx_word' id='word_1_252' title='bbox 2122 4443 2262 4511; x_wconf 88' lang='lat' dir='ltr'>debuerit</span> 
     </span>
     <span class='ocr_line' id='line_1_31' title="bbox 463 4549 2262 4636; baseline -0.002 -15"><span class='ocrx_word' id='word_1_253' title='bbox 463 4555 650 4622; x_wconf 89' lang='lat' dir='ltr'>sententiam</span> <span class='ocrx_word' id='word_1_254' title='bbox 679 4551 815 4616; x_wconf 89' lang='lat' dir='ltr'>numeris</span> <span class='ocrx_word' id='word_1_255' title='bbox 841 4549 961 4633; x_wconf 89' lang='lat' dir='ltr'>graecis</span> <span class='ocrx_word' id='word_1_256' title='bbox 983 4549 1141 4616; x_wconf 91' lang='lat' dir='ltr'>intendere</span> <span class='ocrx_word' id='word_1_257' title='bbox 1239 4556 1270 4627; x_wconf 88' lang='grc' dir='ltr'>Γ</span> <span class='ocrx_word' id='word_1_258' title='bbox 1294 4571 1348 4636; x_wconf 89' lang='lat' dir='ltr'>pro</span> <span class='ocrx_word' id='word_1_259' title='bbox 1370 4555 1407 4624; x_wconf 89' lang='grc' dir='ltr'>Τ</span> <span class='ocrx_word' id='word_1_260' title='bbox 1426 4550 1589 4617; x_wconf 86' lang='lat' dir='ltr'>Kaihelius</span> <span class='ocrx_word' id='word_1_261' title='bbox 1610 4551 1753 4628; x_wconf 83' lang='lat' dir='ltr'>testatur,</span> <span class='ocrx_word' id='word_1_262' title='bbox 1786 4551 1819 4614; x_wconf 92' lang='lat' dir='ltr'>in</span> <span class='ocrx_word' id='word_1_263' title='bbox 1843 4550 1951 4634; x_wconf 80' lang='lat' dir='ltr'>ectypo</span> <span class='ocrx_word' id='word_1_264' title='bbox 1974 4549 2106 4616; x_wconf 88' lang='lat' dir='ltr'>Kehulei</span> <span class='ocrx_word' id='word_1_265' title='bbox 2128 4555 2165 4624; x_wconf 89' lang='grc' dir='ltr'>Τ</span> <span class='ocrx_word' id='word_1_266' title='bbox 2185 4551 2262 4618; x_wconf 88' lang='lat' dir='ltr'>satis</span> 
     </span>
     <span class='ocr_line' id='line_1_32' title="bbox 463 4659 2263 4746; baseline -0.001 -17"><span class='ocrx_word' id='word_1_267' title='bbox 463 4663 547 4730; x_wconf 89' lang='lat' dir='ltr'>certo</span> <span class='ocrx_word' id='word_1_268' title='bbox 570 4659 698 4744; x_wconf 86' lang='lat' dir='ltr'>apparet</span> <span class='ocrx_word' id='word_1_269' title='bbox 802 4663 966 4737; x_wconf 70' lang='grc' dir='ltr'>ΟΥΤΕΙς</span> <span class='ocrx_word' id='word_1_270' title='bbox 991 4667 1033 4737; x_wconf 85' lang='grc'>1-1</span> <span class='ocrx_word' id='word_1_271' title='bbox 1050 4659 1117 4726; x_wconf 91' lang='lat' dir='ltr'>h.e.</span> <span class='ocrx_word' id='word_1_272' title='bbox 1131 4667 1170 4738; x_wconf 88' lang='grc' dir='ltr'>ΕΙ</span> <span class='ocrx_word' id='word_1_273' title='bbox 1184 4667 1269 4738; x_wconf 86' lang='grc' dir='ltr'>οοΗ</span> <span class='ocrx_word' id='word_1_274' title='bbox 1292 4663 1371 4746; x_wconf 88' lang='lat' dir='ltr'>lapis</span> <span class='ocrx_word' id='word_1_275' title='bbox 1394 4662 1545 4739; x_wconf 81' lang='lat' dir='ltr'>exhibeat,</span> <span class='ocrx_word' id='word_1_276' title='bbox 1568 4679 1629 4725; x_wconf 92' lang='lat' dir='ltr'>non</span> <span class='ocrx_word' id='word_1_277' title='bbox 1644 4661 1721 4725; x_wconf 86' lang='lat' dir='ltr'>satis</span> <span class='ocrx_word' id='word_1_278' title='bbox 1732 4660 1840 4744; x_wconf 86' lang='lat' dir='ltr'>liquet,</span> <span class='ocrx_word' id='word_1_279' title='bbox 1865 4665 1896 4735; x_wconf 94' lang='grc' dir='ltr'>Η</span> <span class='ocrx_word' id='word_1_280' title='bbox 1921 4661 1997 4726; x_wconf 93' lang='lat' dir='ltr'>mihi</span> <span class='ocrx_word' id='word_1_281' title='bbox 2013 4663 2144 4746; x_wconf 86' lang='lat' dir='ltr'>ectypon</span> <span class='ocrx_word' id='word_1_282' title='bbox 2166 4661 2263 4746; x_wconf 89' lang='lat' dir='ltr'>inspi-</span> 
     </span>
     <span class='ocr_line' id='line_1_33' title="bbox 462 4753 2263 4859; baseline -0.002 -19"><span class='ocrx_word' id='word_1_283' title='bbox 462 4771 558 4840; x_wconf 90' lang='lat' dir='ltr'>cienti</span> <span class='ocrx_word' id='word_1_284' title='bbox 580 4790 642 4836; x_wconf 91' lang='lat' dir='ltr'>non</span> <span class='ocrx_word' id='word_1_285' title='bbox 664 4769 822 4852; x_wconf 88' lang='lat' dir='ltr'>probabile</span> <span class='ocrx_word' id='word_1_286' title='bbox 840 4768 973 4834; x_wconf 89' lang='lat' dir='ltr'>uidetur.</span> <span class='ocrx_word' id='word_1_287' title='bbox 1006 4763 1085 4858; x_wconf 79' lang='grc' dir='ltr'><strong><em>οίίτῃ</em></strong></span> <span class='ocrx_word' id='word_1_288' title='bbox 1105 4790 1159 4854; x_wconf 89' lang='lat' dir='ltr'>pro</span> <span class='ocrx_word' id='word_1_289' title='bbox 1179 4765 1279 4859; x_wconf 80' lang='grc' dir='ltr'><strong><em>ταύτῃ</em></strong></span> <span class='ocrx_word' id='word_1_290' title='bbox 1298 4773 1419 4838; x_wconf 89' lang='lat' dir='ltr'>dictum</span> <span class='ocrx_word' id='word_1_291' title='bbox 1441 4771 1511 4837; x_wconf 92' lang='lat' dir='ltr'>uult</span> <span class='ocrx_word' id='word_1_292' title='bbox 1525 4769 1793 4846; x_wconf 86' lang='lat' dir='ltr'>Wachsmuthius‚</span> <span class='ocrx_word' id='word_1_293' title='bbox 1815 4753 1908 4836; x_wconf 79' lang='grc' dir='ltr'><strong><em>οὗτοι</em></strong></span> <span class='ocrx_word' id='word_1_294' title='bbox 1930 4771 2141 4854; x_wconf 88' lang='lat' dir='ltr'>Rhusopnlos:</span> <span class='ocrx_word' id='word_1_295' title='bbox 2186 4771 2263 4837; x_wconf 87' lang='lat' dir='ltr'>mihi</span> 
     </span>
    </p>
   </div>
   <div class='ocr_carea' id='block_1_9' title="bbox 466 5067 2264 5264">
    <p class='ocr_par' dir='ltr' id='par_1_9' title="bbox 466 5067 2264 5264">
     <span class='ocr_line' id='line_1_34' title="bbox 466 5067 2264 5156; baseline -0.004 -16"><span class='ocrx_word' id='word_1_296' title='bbox 466 5069 665 5155; x_wconf 83' lang='lat' dir='ltr'>anaglyphon</span> <span class='ocrx_word' id='word_1_297' title='bbox 687 5087 748 5134; x_wconf 93' lang='lat' dir='ltr'>non</span> <span class='ocrx_word' id='word_1_298' title='bbox 770 5067 861 5133; x_wconf 90' lang='lat' dir='ltr'>licuit</span> <span class='ocrx_word' id='word_1_299' title='bbox 883 5068 939 5134; x_wconf 90' lang='lat' dir='ltr'>aut</span> <span class='ocrx_word' id='word_1_300' title='bbox 962 5067 1022 5150; x_wconf 90' lang='lat' dir='ltr'>ipsi</span> <span class='ocrx_word' id='word_1_301' title='bbox 1050 5069 1154 5136; x_wconf 89' lang='lat' dir='ltr'>nidere</span> <span class='ocrx_word' id='word_1_302' title='bbox 1177 5073 1232 5138; x_wconf 88' lang='lat' dir='ltr'>aut</span> <span class='ocrx_word' id='word_1_303' title='bbox 1261 5073 1437 5156; x_wconf 88' lang='lat' dir='ltr'>legentibus</span> <span class='ocrx_word' id='word_1_304' title='bbox 1459 5074 1532 5138; x_wconf 87' lang='lat' dir='ltr'>ante</span> <span class='ocrx_word' id='word_1_305' title='bbox 1553 5071 1658 5137; x_wconf 90' lang='lat' dir='ltr'>oeulos</span> <span class='ocrx_word' id='word_1_306' title='bbox 1681 5089 1801 5154; x_wconf 90' lang='lat' dir='ltr'>ponere.</span> <span class='ocrx_word' id='word_1_307' title='bbox 1845 5069 1897 5136; x_wconf 91' lang='lat' dir='ltr'>sed</span> <span class='ocrx_word' id='word_1_308' title='bbox 1920 5071 2040 5154; x_wconf 83' lang='lat' dir='ltr'>partem</span> <span class='ocrx_word' id='word_1_309' title='bbox 2063 5068 2179 5134; x_wconf 89' lang='lat' dir='ltr'>doloris</span> <span class='ocrx_word' id='word_1_310' title='bbox 2200 5067 2264 5134; x_wconf 87' lang='lat' dir='ltr'>hli-</span> 
     </span>
     <span class='ocr_line' id='line_1_35' title="bbox 467 5175 2263 5264; baseline -0.002 -19"><span class='ocrx_word' id='word_1_311' title='bbox 467 5178 582 5244; x_wconf 87' lang='lat' dir='ltr'>chaelis</span> <span class='ocrx_word' id='word_1_312' title='bbox 604 5195 690 5242; x_wconf 91' lang='lat' dir='ltr'>meus</span> <span class='ocrx_word' id='word_1_313' title='bbox 711 5176 830 5242; x_wconf 88' lang='lat' dir='ltr'>leuauit</span> <span class='ocrx_word' id='word_1_314' title='bbox 857 5177 894 5240; x_wconf 84' lang='lat' dir='ltr'>st</span> <span class='ocrx_word' id='word_1_315' title='bbox 914 5177 1049 5241; x_wconf 89' lang='lat' dir='ltr'>multum</span> <span class='ocrx_word' id='word_1_316' title='bbox 1075 5197 1123 5244; x_wconf 91' lang='lat' dir='ltr'>me</span> <span class='ocrx_word' id='word_1_317' title='bbox 1144 5179 1236 5260; x_wconf 86' lang='lat' dir='ltr'>inuit,</span> <span class='ocrx_word' id='word_1_318' title='bbox 1269 5183 1322 5264; x_wconf 90' lang='lat' dir='ltr'>qui</span> <span class='ocrx_word' id='word_1_319' title='bbox 1346 5200 1416 5247; x_wconf 92' lang='lat' dir='ltr'>cum</span> <span class='ocrx_word' id='word_1_320' title='bbox 1441 5181 1563 5264; x_wconf 89' lang='lat' dir='ltr'>praesto</span> <span class='ocrx_word' id='word_1_321' title='bbox 1585 5179 1612 5244; x_wconf 88' lang='lat' dir='ltr'>ei</span> <span class='ocrx_word' id='word_1_322' title='bbox 1636 5179 1714 5243; x_wconf 88' lang='lat' dir='ltr'>esset</span> <span class='ocrx_word' id='word_1_323' title='bbox 1736 5178 1935 5262; x_wconf 82' lang='lat' dir='ltr'>anaglyphon</span> <span class='ocrx_word' id='word_1_324' title='bbox 1958 5175 2174 5261; x_wconf 86' lang='lat' dir='ltr'>photographa</span> <span class='ocrx_word' id='word_1_325' title='bbox 2196 5177 2263 5242; x_wconf 90' lang='lat' dir='ltr'>arte</span> 
     </span>
    </p>
   </div>
   <div class='ocr_carea' id='block_1_10' title="bbox 465 5285 2262 5482">
    <p class='ocr_par' dir='ltr' id='par_1_10' title="bbox 465 5285 2262 5482">
     <span class='ocr_line' id='line_1_36' title="bbox 465 5285 2262 5369; baseline -0.003 -14"><span class='ocrx_word' id='word_1_326' title='bbox 465 5289 540 5356; x_wconf 89' lang='lat' dir='ltr'>licet</span> <span class='ocrx_word' id='word_1_327' title='bbox 562 5286 665 5352; x_wconf 86' lang='lat' dir='ltr'>minna</span> <span class='ocrx_word' id='word_1_328' title='bbox 686 5287 763 5351; x_wconf 87' lang='lat' dir='ltr'>bene</span> <span class='ocrx_word' id='word_1_329' title='bbox 784 5303 967 5368; x_wconf 80' lang='lat' dir='ltr'>expressum,</span> <span class='ocrx_word' id='word_1_330' title='bbox 999 5286 1110 5352; x_wconf 87' lang='lat' dir='ltr'>saltem</span> <span class='ocrx_word' id='word_1_331' title='bbox 1132 5307 1255 5356; x_wconf 87' lang='lat' dir='ltr'>samma</span> <span class='ocrx_word' id='word_1_332' title='bbox 1274 5291 1464 5357; x_wconf 87' lang='lat' dir='ltr'>lineamenta</span> <span class='ocrx_word' id='word_1_333' title='bbox 1485 5309 1542 5355; x_wconf 87' lang='lat' dir='ltr'>sua</span> <span class='ocrx_word' id='word_1_334' title='bbox 1564 5306 1658 5354; x_wconf 90' lang='lat' dir='ltr'>manu</span> <span class='ocrx_word' id='word_1_335' title='bbox 1681 5287 1824 5354; x_wconf 85' lang='lat' dir='ltr'>imitatus</span> <span class='ocrx_word' id='word_1_336' title='bbox 1849 5285 1926 5352; x_wconf 91' lang='lat' dir='ltr'>mihi</span> <span class='ocrx_word' id='word_1_337' title='bbox 1948 5285 2139 5369; x_wconf 88' lang='lat' dir='ltr'>inspicienda</span> <span class='ocrx_word' id='word_1_338' title='bbox 2161 5285 2262 5352; x_wconf 88' lang='lat' dir='ltr'>misit:</span> 
     </span>
     <span class='ocr_line' id='line_1_37' title="bbox 467 5393 1570 5482; baseline 0.002 -20"><span class='ocrx_word' id='word_1_339' title='bbox 467 5397 580 5482; x_wconf 86' lang='lat' dir='ltr'>quibus</span> <span class='ocrx_word' id='word_1_340' title='bbox 601 5395 694 5461; x_wconf 90' lang='lat' dir='ltr'>debeo</span> <span class='ocrx_word' id='word_1_341' title='bbox 714 5395 741 5459; x_wconf 88' lang='lat' dir='ltr'>si</span> <span class='ocrx_word' id='word_1_342' title='bbox 763 5393 838 5477; x_wconf 90' lang='lat' dir='ltr'>quid</span> <span class='ocrx_word' id='word_1_343' title='bbox 860 5395 893 5460; x_wconf 90' lang='lat' dir='ltr'>in</span> <span class='ocrx_word' id='word_1_344' title='bbox 916 5395 964 5460; x_wconf 89' lang='lat' dir='ltr'>his</span> <span class='ocrx_word' id='word_1_345' title='bbox 986 5413 1005 5462; x_wconf 88' lang='lat' dir='ltr'>a</span> <span class='ocrx_word' id='word_1_346' title='bbox 1025 5395 1157 5462; x_wconf 88' lang='lat' dir='ltr'>Kehulei</span> <span class='ocrx_word' id='word_1_347' title='bbox 1179 5397 1385 5482; x_wconf 86' lang='lat' dir='ltr'>descriptione</span> <span class='ocrx_word' id='word_1_348' title='bbox 1407 5399 1570 5482; x_wconf 89' lang='lat' dir='ltr'>discrepat.</span> 
     </span>
    </p>
   </div>
   <div class='ocr_carea' id='block_1_11' title="bbox 0 0 2575 6388">
    <p class='ocr_par' dir='ltr' id='par_1_11' title="bbox 0 0 2575 6388">
     <span class='ocr_line' id='line_1_38' title="bbox 0 0 2575 6388; baseline 0 0"><span class='ocrx_word' id='word_1_349' title='bbox 0 0 2575 6388; x_wconf 95' lang='lat' dir='ltr'> </span> 
     </span>
    </p>
   </div>
  </div>
 </body>
</html>
