5124 6398
1172 783 1229 870 23

297 1029 603 1145 hippocampum
633 1029 806 1134 exhibet,
844 1030 994 1143 postica
1021 1029 1254 1143 plerumque
1288 1033 1434 1116 bouem
1463 1029 1692 1116 unicornem
1722 1029 1796 1116 sub
1828 1027 1953 1116 leonis
1982 1055 2100 1115 uore-

299 1176 355 1264 cis
384 1177 558 1289 pondere
590 1175 828 1288 conlapsum·
846 1183 1113 1287 repraesentet
1127 1172 1154 1258 ¹.

397 1319 476 1408 Sed
508 1320 626 1407 latius
656 1329 764 1433 patet
794 1320 960 1407 uarietas
998 1328 1180 1405 monetae
1217 1317 1459 1430 phoeniciae.
1528 1319 1634 1430 Apro
1674 1318 1831 1405 leonem
1871 1319 2101 1432 superponit

298 1463 576 1576 potiusquam
616 1463 780 1575 imponit
809 1471 995 1550 nummus
1026 1489 1190 1572 graecae
1229 1470 1274 1547 ut
1309 1461 1468 1546 uidetur
1505 1460 1674 1547 fabricae
1715 1461 1808 1548 satis
1844 1461 2031 1572 antiquus
2062 1473 2101 1551 et

296 1608 424 1694 littera
454 1607 661 1720 phoenicia
691 1615 851 1694 notetus
872 1603 968 1717 (tab.
990 1637 1028 1693 n.
1045 1604 1099 1717 5),
1132 1634 1251 1717 quem
1282 1605 1355 1692 etsi
1369 1606 1531 1714 Bagaeo
1561 1615 1739 1718 satrapae
1771 1608 1851 1692 dux
1871 1608 1922 1692 de
1942 1609 2100 1718 Luynes

299 1749 447 1851 tribuit,
479 1750 535 1836 nil
566 1760 699 1837 tamen
733 1752 783 1836 de
814 1751 964 1859 origine
993 1749 1128 1861 liquat.
1189 1749 1336 1836 Leonis
1366 1749 1453 1836 loco
1484 1777 1601 1862 gryps
1632 1744 1729 1862 (tab.
1759 1779 1798 1835 n.
1819 1744 1867 1863 4)
1898 1751 2029 1863 prodit
2061 1751 2103 1838 in

300 1894 483 1996 nummis,
512 1895 595 2005 vqui
626 1896 700 1982 sub
733 1894 909 1981 Arietate
939 1905 1092 2008 satrapa
1123 1893 1315 1982 Gaziurae
1355 1896 1405 1979 ad
1435 1893 1530 1978 Irim
1560 1892 1601 1978 in
1628 1895 1756 1980 Ponto
1793 1894 1925 1982 emissi
1963 1893 2102 1984 sunt²z

301 2039 371 2125 ubi
402 2067 493 2124 eum
523 2039 673 2125 antioae
712 2039 881 2148 signum,
923 2042 1029 2148 quod
1055 2039 1145 2126 Beli
1182 2037 1382 2148 ganibreni
1422 2065 1509 2125 esse
1549 2066 1696 2125 nomen
1726 2039 1906 2125 additum
1943 2040 2101 2141 indicet,

303 2185 511 2272 manifesto
542 2212 592 2270 ex
622 2193 780 2270 moneta
810 2185 976 2271 tarsensi
1006 2183 1215 2295 repetitum
1247 2183 1309 2285 sit,
1368 2183 1454 2292 quie
1488 2183 1683 2270 dubitabit
1715 2184 1809 2294 quin
1841 2211 1981 2272 ceruus
2009 2185 2103 2272 sini·

302 2340 493 2417 strorsum
530 2328 724 2439 collapsus
755 2328 933 2413 indidem
961 2329 1129 2430 fluxerit,
1181 2355 1298 2440 grypo
1337 2329 1558 2414 secundum
1586 2327 1707 2440 ipsius
1740 2328 1907 2415 ciuitatis
1952 2331 2104 2416 fabulas
2220 2427 2237 2458 ο

306 2473 430 2561 leonis
459 2473 501 2559 in
530 2473 661 2559 locum
691 2471 946 2560 successeritl
1006 2473 1083 2560 hoo
1121 2469 1283 2584 gryphis
1323 2481 1362 2558 et
1404 2473 1509 2558 cerui
1546 2472 1705 2581 signum
1735 2473 1851 2558 etiam
1881 2473 1921 2558 in
1951 2471 2104 2560 Bocchi

303 2619 408 2726 regis
437 2617 702 2703 Mauretaniae
742 2645 905 2705 nummo
941 2626 1129 2726 argenteo
1166 2616 1268 2700 inest
1305 2625 1387 2700 tarn
1427 2613 1554 2718 simile
1589 2611 1677 2715 illis,
1727 2624 1772 2700 ut
1808 2613 1877 2698 uix
1906 2614 2105 2726 potuerint

294 2737 484 2849 ⁸membra
514 2761 668 2870 singule
699 2787 878 2872 quaeque
910 2763 1127 2849 accuratius
1157 2757 1321 2869 exprimi
1334 2753 1363 2842 ⁸.

403 2907 572 2991 Tantum
603 2906 654 2991 de
684 2905 930 2992 Phoenicum
960 2915 1126 2992 moneta.
1157 2936 1181 2991 a
1208 2901 1349 3011 quibus
1381 2901 1542 3016 propius
1573 2904 1685 2990 abest
1712 2902 1819 3012 lycia,
1852 2902 1894 2988 in
1915 2931 1991 3014 qua
2012 2933 2103 2991 cum

302 3046 427 3133 leonis
458 3054 573 3158 caput
602 3072 683 3132 nen
714 3074 801 3132 raro
832 3047 1028 3150 obueniat‚
1062 3047 1181 3134 etium
1209 3046 1335 3134 leonis
1364 3048 1510 3133 bouem
1539 3048 1752 3134 aduersum
1779 3049 1906 3135 adorti
1935 3055 1976 3134 et
2001 3049 2105 3135 lum·-

303 3193 377 3278 bos
410 3217 545 3277 morsu
574 3188 744 3302 petentis
778 3189 909 3298 imago
943 3189 1178 3301 conspicitur
1188 3180 1217 3274 ⁴.
1261 3188 1401 3275 Graeci
1430 3188 1472 3274 in
1499 3189 1574 3276 hac
1605 3217 1762 3302 quoque
1794 3218 1837 3277 re
1869 3190 2107 3304 exemplaria

302 3334 510 3446 peregrine
551 3343 632 3421 arte
674 3363 745 3421 sua
786 3341 903 3444 atque
939 3333 1098 3442 ingenio
1137 3332 1401 3419 nobilitarunt.
1460 3341 1577 3444 atque
1619 3359 1781 3420 ceruum
1818 3363 1842 3419 a
1880 3335 1994 3422 leone
2035 3363 2105 3448 op·

304 3468 485 3591 pressum
521 3477 721 3564 Velienses
764 3476 848 3563 siue
887 3477 1048 3563 Eleatae
1087 3471 1182 3586 (tab.
1218 3507 1257 3562 n.
1278 3475 1336 3587 8),
1389 3479 1537 3564 bouem
1577 3476 1758 3564 Aeenthii
1798 3478 1838 3564 in
1878 3479 2107 3566 Macedonia

305 3618 519 3733 (tabell)
549 3623 648 3733 typis
678 3620 949 3733 pulcherrimis
983 3623 1171 3731 effingere
1201 3621 1303 3710 solih
1333 3631 1433 3708 sunt.
1465 3621 1645 3708 Acanthii
1658 3617 1686 3722 ⁵,
1721 3650 1819 3732 quos
1845 3609 1996 3712 constat
2019 3652 2106 3712 sae-

407 3995 438 4074 1)
460 3994 498 4060 da
518 3995 639 4079 huynes
661 3997 684 4060 ι.
702 3995 761 4060 XV
772 3995 897 4074 41-45Ι
919 3993 982 4076 (ep.
1006 3993 1176 4077 bajardnm
1199 3993 1279 4060 culte
1299 3996 1338 4059 dc
1365 3993 1468 4060 Venus
1492 3996 1514 4058 t.
1532 3993 1659 4060 xv115
1687 3995 1742 4061 bos
1773 3995 1908 4060 bicornis
1936 3995 2106 4074 exhibetur,

306 4102 396 4169 credo
418 4120 521 4168 errore
542 4107 729 4186 operarum).
752 4103 790 4169 el.
813 4102 850 4168 de
872 4103 982 4186 Vogr’rd
1003 4121 1095 4167 revue
1114 4104 1259 4169 numum.
1286 4105 1366 4168 1856
1387 4123 1416 4187 p.
1428 4103 1489 4168 217
1513 4103 1697 4169 Brundisina
1718 4123 1747 4187 p.
1763 4106 1834 4170 116.
1855 4105 1972 4188 bllsq.

406 4212 440 4290 2)
460 4209 499 4276 de
511 4211 633 4296 Luynes
647 4214 671 4277 ι.
685 4212 714 4276 V
726 4215 806 4278 1-3
828 4211 1045 4295 Waddington
1062 4230 1123 4276 rec.
1138 4231 1223 4276 num.
1240 4211 1317 4275 1861
1335 4212 1358 4274 t.
1370 4210 1386 4275 Ι
1398 4211 1480 4276 6-8
1502 4210 1627 4294 Lajard,
1649 4211 1729 4277 caba
1742 4211 1781 4276 dc
1797 4210 1900 4277 Venus
1911 4213 1934 4276 ι.
1946 4211 1994 4276 ΠΙ
2007 4212 2045 4290 Α,
2060 4211 2108 4277 10.

305 4324 360 4388 ιοι
383 4341 526 4388 nummos
547 4323 647 4388 multo
671 4341 765 4406 quam
787 4322 825 4388 de
845 4319 966 4406 Luynes
981 4341 1010 4404 p.
1027 4321 1068 4386 37
1097 4318 1300 4386 confidentius
1323 4318 1454 4384 Blauius
1478 4317 1700 4401 Sinopensibus
1723 4319 1905 4385 uindieebet
1923 4321 2064 4387 ιειιιοιν.
2078 4321 2108 4388 d.

305 4431 470 4498 dmbeber
479 4431 630 4514 mergent.
640 4451 704 4514 pes.
716 4431 762 4496 IX
776 4451 806 4514 p.
814 4432 853 4496 79
861 4449 928 4514 sqq.
952 4431 1105 4496 decumis
1115 4427 1261 4494 Achaea.
1273 4447 1300 4511 p.
1311 4428 1340 4493 7.
1362 4427 1741 4512 Waddingtonisdemum
1753 4429 1865 4494 merito
1876 4427 2061 4514 factumest,
2072 4432 2109 4496 ut

307 4539 433 4605 nomina
444 4539 630 4622 boel-poam
640 4540 671 4603 et
681 4538 824 4604 αήοιαιι
835 4538 1113 4622 rectelegerentur‚
1129 4537 1150 4601 l.
1163 4557 1187 4600 ι.
1202 4538 1312 4619 plsq.
1324 4539 1398 4620 bsq.
1409 4536 1490 4618 (md.
1502 4555 1530 4618 p.
1540 4537 1581 4601 82
1589 4537 1671 4619 sqq.)
1702 4537 1742 4602 cf.
1754 4535 1938 4602 Brundisina
1952 4556 1982 4620 p.
1992 4539 2053 4602 237
2062 4559 2109 4623 sq.

306 4649 377 4714 352.
400 4649 471 4712 427.
495 4647 721 4713 Adnotandum
740 4649 787 4713 ιιι
810 4667 846 4714 ex
869 4649 1039 4714 uetmtiore
1061 4649 1186 4712 moneta
1207 4647 1342 4713 tarsensi
1364 4665 1489 4712 ceruum
1513 4645 1647 4725 adsumi,
1671 4664 1743 4712 cum
1764 4645 1933 4711 secundnm
1957 4647 2110 4713 recentio-

306 4771 374 4819 rem
394 4754 501 4837 aqnila
525 4753 601 4819 Belo
624 4753 768 4822 addatur.
799 4753 943 4820 Ceterum
964 4754 1116 4840 gryphem
1137 4755 1281 4820 nouimus
1301 4755 1397 4838 etiam
1419 4774 1454 4820 ex
1475 4773 1569 4820 numo
1590 4753 1693 4842 byblio
1716 4755 1768 4835 (cl.
1791 4753 1907 4820 Brund.
1932 4758 2054 4839 p.5l2).

406 4861 441 4938 3)
464 4859 587 4944 lajard,
621 4861 701 4926 cuo
721 4861 760 4928 de
785 4860 888 4928 Venus
908 4863 932 4926 t.
951 4862 1015 4927 XII
1033 4866 1068 4926 4:
1111 4862 1145 4926 in
1169 4861 1275 4928 antica
1297 4879 1392 4946 gryps
1417 4879 1544 4928 ceruum
1566 4861 1705 4941 denerat,
1737 4863 1867 4945 uterque
1890 4863 1929 4928 ad
1949 4863 2109 4930 sinistram

307 4971 468 5054 spectans;
489 4969 522 5034 in
538 4971 660 5053 postica
681 4990 775 5055 gryps
794 4973 860 5037 stat
875 4971 1097 5049 sinistrorsum,
1119 4989 1212 5054 snpra
1226 4989 1297 5036 eum
1311 4971 1414 5036 discus
1432 4970 1506 5037 solis
1520 4970 1633 5051 alatus,
1655 4970 1737 5037 infra
1751 4971 1838 5036 Rex
1858 4971 1969 5039 BOCV
1982 4973 2109 5058 legitur.

408 5077 444 5162 4)
466 5077 499 5145 (1.
511 5078 651 5158 Pellena,
667 5081 760 5146 coins
775 5080 944 5161 efoaciertt
954 5081 1056 5164 lpee‘e
1066 5081 1089 5145 t.
1099 5081 1129 5146 X
1140 5083 1168 5145 2.
1181 5079 1246 5148 ΧΠ
1257 5083 1276 5145 2
1286 5079 1382 5161 (xm
1393 5081 1460 5162 62),
1483 5081 1522 5147 el.
1535 5079 1645 5164 Spratt
1658 5079 1824 5160 absorbes,
1840 5081 2112 5168 rrmdsbbyee

307 5187 339 5253 ΙΙ
354 5207 383 5270 p.
393 5187 465 5253 294.
486 5188 648 5270 proprium
671 5189 719 5253 his
742 5191 789 5254 est
811 5188 894 5272 qnod
914 5190 970 5255 bos
992 5188 1129 5255 nondum
1151 5187 1242 5273 plane
1260 5189 1406 5272 concidit,
1428 5189 1481 5254 sed
1504 5188 1672 5256 anteriores
1694 5190 1821 5255 tentum
1842 5189 1933 5273 pedes
1954 5191 1987 5256 in
2008 5212 2111 5277 genua

307 5297 445 5380 conlapsi
464 5298 549 5376 sunt,
571 5298 753 5380 posteriores
775 5300 863 5365 stant
886 5300 972 5366 raeti.
1226 5325 1231 5334 ·

412 5408 445 5487 5)
466 5409 664 5490 conspectum
686 5425 851 5474 numerum
874 5407 1058 5474 Brundisius
1080 5407 1201 5474 exhibet
1222 5425 1251 5491 p.
1267 5407 1329 5472 532
1338 5424 1383 5488 sq.
1415 5403 1554 5470 Mionnet
1575 5405 1673 5472 deser.
1696 5407 1712 5472 I
1734 5425 1763 5490 p.
1774 5407 1837 5472 460
1849 5427 1894 5490 sq.
1916 5407 2111 5490 supplement

312 5515 361 5581 111
382 5535 411 5599 p.
430 5516 469 5581 14
481 5535 559 5600 sqq..
596 5515 634 5580 de
654 5517 846 5599 temporibus
867 5534 973 5582 corum
995 5517 1033 5582 ol.
1049 5536 1076 5582 v.
1092 5515 1191 5583 Ssllot
1211 5513 1350 5584 aeteae.
1363 5513 1388 5595 f.
1403 5515 1546 5580 nemim
1567 5514 1582 5578 Ι
1604 5534 1634 5598 p.
1652 5515 1711 5581 165
1722 5533 1768 5598 sq.
1813 5515 2025 5599 antiquiorum
2043 5535 2112 5600 spe-
