5124 6398
1202 747 1310 877 rr'

430 1039 508 1127 Sed
547 1037 831 1123 occidentalem
857 1037 1061 1145 regionem
1094 1037 1160 1122 uix
1193 1037 1363 1123 dubitari
1391 1036 1533 1148 poterit
1553 1035 1647 1144 quin
1666 1035 1885 1121 Phoenices
1905 1033 1982 1121 hoc
2001 1061 2131 1145 genus

326 1181 543 1270 ornamenti
577 1183 694 1267 etiam
724 1181 912 1293 sepulcris
932 1179 1122 1267 adhibere
1144 1181 1360 1268 docuerint.
1391 1181 1585 1264 Punicum
1618 1179 1723 1264 enirn
1753 1207 1851 1280 esse,
1885 1180 1991 1288 quod
2023 1209 2130 1266 nunc

328 1327 518 1414 Marsalae
553 1338 779 1412 assernatur
810 1337 850 1411 et
881 1327 1033 1434 Mutyce
1067 1336 1266 1437 repertum
1297 1354 1383 1410 esse
1414 1328 1551 1421 fertur,
1597 1321 1843 1435 anaglyphon
1876 1325 2027 1432 grande
2058 1325 2128 1408 Ri-

327 1474 468 1556 cardus
498 1469 690 1568 Sonuere,
733 1481 776 1554 ut
805 1468 902 1554 mibi
943 1469 1104 1578 quidem
1138 1470 1307 1570 uidetur,
1341 1469 1549 1554 uerissime
1588 1467 1774 1554 coniecit:
1824 1471 1970 1554 bouem
2007 1467 2048 1553 in
2081 1496 2130 1554 66

324 1617 483 1702 leaenae
517 1617 618 1700 duae
646 1614 871 1725 opprimunt
906 1613 1130 1723 laniantque
1148 1612 1176 1699 ¹.
1229 1613 1383 1698 Cottius
1413 1613 1604 1698 indicium
1635 1641 1684 1696 ex
1713 1622 1794 1697 arte
1828 1624 1982 1699 etrusco
2012 1639 2128 1725 repe·
2183 1703 2186 1712 ,

325 1769 397 1845 166.
428 1759 469 1843 in
499 1759 605 1844 cellis
636 1759 787 1871 pictura
823 1756 978 1857 ornatis,
1010 1759 1144 1867 quales
1172 1757 1212 1842 in
1242 1740 1541 1867 Tarquiniorum
1570 1756 1766 1868 necropoli
1800 1758 2016 1868 permultae
2047 1757 2127 1843 iam

327 1903 502 1989 reclusae
539 1913 643 2002 sunt,
677 1902 831 2012 saepius
859 1903 1047 1987 obserues
1077 1901 1279 2010 fastigium
1309 1901 1466 2013 parietis
1497 1911 1582 1986 tum
1612 1901 1695 1986 eius
1730 1929 1800 2012 per
1833 1929 1951 2011 quem
1986 1901 2124 1988 introi·
2201 1883 2210 1915 i

326 2055 391 2132 tus
420 2055 540 2157 potet,
585 2057 669 2132 turn
710 2047 867 2133 aduersi
903 2047 1063 2131 leonum
1101 2046 1339 2154 imaginibus
1371 2045 1580 2152 distingui:
1633 2073 1751 2154 quem
1782 2055 1962 2130 ornatum
1991 2048 2042 2130 ad
2074 2046 2128 2134 si-

325 2191 588 2275 militudinem
618 2190 883 2276 aedicularum
912 2191 972 2276 dis
993 2192 1176 2276 manibus
1206 2199 1443 2276 sacratorum
1474 2217 1703 2301 expressum
1725 2217 1812 2276 esse
1832 2193 1909 2275 iam
1930 2219 2007 2275 non
2028 2219 2128 2301 opus

327 2333 399 2418 erit
421 2333 540 2419 dictu.
573 2336 680 2419 Inter
710 2335 998 2445 antiquissimos
1030 2335 1148 2420 cellas
1178 2334 1431 2436 nabebatur,
1461 2335 1583 2442 uulgo
1616 2361 1715 2443 qnae
1745 2337 1867 2420 torubo
1899 2337 2126 2422 (1611616661-

325 2485 423 2562 zioni
454 2478 612 2564 dicitur:
642 2479 696 2564 ibi
726 2480 767 2564 in
797 2480 955 2590 parietis
988 2487 1171 2591 tympano
1206 2478 1338 2565 medio
1368 2479 1502 2563 leones
1537 2481 1615 2564 duo
1647 2478 1792 2564 diuersi
1821 2479 2004 2564 adsident
2036 2507 2128 2564 cau·

330 2621 390 2707 dis
420 2648 576 2708 sursum
607 2623 741 2723 uersis,
774 2635 939 2733 uterque
976 2625 1121 2735 pedem
1156 2620 1390 2708 anteriorem
1424 2630 1558 2706 contra
1590 2620 1787 2704 dammam
1817 2621 1921 2705 leuat
1955 2620 2126 2706 demisso

328 2764 452 2875 capito
484 2767 774 2868 obuenientem
809 2769 905 2852 dum
936 2795 985 2851 ex
1012 2766 1166 2876 angulis
1198 2765 1369 2876 tympani
1399 2763 1596 2874 utrimque
1628 2764 1689 2849 leo
1721 2763 1911 2876 procumit
1945 2765 2127 2849 dammae

326 2905 536 2995 imminens
550 2901 579 2991 ².
637 2908 870 3019 plerumque
899 2911 940 2993 in
977 2920 1144 3020 utroque
1185 2910 1305 2994 latere
1342 2908 1515 3019 tympani
1546 2910 1628 2993 fera
1664 2907 1838 3020 pingitur
1868 2909 1917 2992 ad
1950 2909 2126 2992 medium

329 3078 454 3150 uersa,
487 3055 607 3138 modo
637 3051 771 3138 leones
799 3056 919 3138 modo
953 3053 1165 3165 pantherae
1178 3049 1217 3157 3;
1246 3053 1338 3138 abbi
1367 3053 1407 3138 in
1439 3052 1602 3161 fastigiis
1633 3052 1805 3138 similiter
1834 3051 2033 3138 edomatis
2063 3054 2126 3139 leo

328 3223 419 3280 oum
460 3197 642 3283 columbo
681 3207 749 3283 aut
782 3225 872 3282 oum
910 3197 1095 3310 delphine
1139 3200 1381 3310 componitur.
1458 3200 1537 3287 Sed
1572 3225 1649 3309 quo
1678 3196 1813 3304 magis,
1839 3225 1902 3281 ars
1931 3197 2126 3309 pictorum

325 3341 554 3428 maturescit
592 3344 712 3426 etad
745 3369 886 3450 graeca
923 3343 1103 3454 exempla
1133 3370 1176 3428 sc
1207 3345 1403 3454 conponit,
1450 3343 1623 3455 priscum
1658 3342 1768 3426 illum
1797 3349 1976 3425 ornatum
2013 3339 2126 3428 fasti-

281 3587 286 3598 ,
327 3483 400 3568 diri
431 3485 546 3570 166116
578 3494 637 3572 661
666 3487 718 3570 61
749 3487 1053 3573 obseruandum.
1086 3487 1262 3572 modium
1292 3490 1373 3574 iere
1402 3489 1534 3574 locum
1564 3495 1673 3572 tonet
1704 3486 1938 3597 sepulcrum,
1971 3486 2126 3572 triclinii

326 3629 432 3736 qnod
466 3623 656 3714 dieitur4:
688 3628 844 3739 parietis
876 3629 981 3714 enim
1012 3631 1169 3715 aduersi
1199 3632 1400 3740 festigium
1430 3632 1607 3716 medium
1638 3633 1780 3714 ederae
1811 3629 1978 3715 flexibus
2007 3657 2125 3716 occu-

325 3779 439 3882 patur
455 3765 483 3873 ⁵,
531 3773 571 3856 in
602 3783 767 3881 utroque
799 3774 945 3882 angulo
981 3775 1060 3858 ianr
1095 3776 1319 3860 animalium
1357 3777 1442 3862 Ioco
1480 3776 1710 3860 adulescens
1744 3776 1875 3860 nudus
1906 3773 2123 3886 accumbit:

428 4104 459 4186 1)
481 4103 634 4170 archoeot.
656 4108 782 4189 aeituup
807 4108 887 4171 1872
910 4107 970 4172 noi.
992 4107 1098 4173 XXIX
1122 4110 1185 4174 tab.
1203 4109 1242 4173 21
1266 4109 1305 4174 cf.
1328 4108 1464 4174 Schoene
1486 4107 1527 4171 ib.
1551 4127 1579 4189 p.
1595 4107 1655 4170 133
1664 4123 1709 4188 sq.

424 4214 458 4293 2)
480 4231 559 4276 mus.
580 4217 635 4276 etr.
656 4233 779 4296 propos.
803 4215 819 4278 I
839 4217 862 4280 t.
887 4213 959 4280 CIII
996 4215 1112 4294 Micali,
1141 4215 1475 4284 11661611111115
1510 4215 1759 4298 Stachelbergius
1789 4215 1820 4278 et
1847 4212 2017 4276 Kestrrcrus
2050 4211 2071 4274 I.
2099 4229 2123 4275 s.

326 4322 349 4386 1.
365 4319 470 4384 XXII.
493 4319 581 4396 XXI,
597 4322 622 4385 1.
660 4322 697 4385 Irr
719 4323 867 4404 sepulcris
889 4323 1083 4389 uoIcentibrrs
1104 4325 1249 4390 stmiliter
1271 4326 1395 4409 zophori
1423 4325 1498 4408 picti
1528 4326 1662 4390 ferarum
1694 4323 1802 4408 figuris
1833 4325 1864 4386 et
1889 4320 2125 4404 symplegmatis

328 4428 612 4513 distmguebantnr‚
637 4429 676 4494 ci.
698 4429 779 4497 Noe]
801 4431 855 4496 des
877 4433 1018 4516 tietgero,
1041 4419 1197 4498 I’Idtrurr'e
1218 4435 1266 4501 III
1287 4435 1488 4518 t.XXIIsqq.

427 4539 460 4619 3)
483 4537 585 4604 torudo
611 4538 661 4604 ue
680 4539 853 4621 putciaello
885 4541 922 4606 61.
944 4541 979 4607 a.
1002 4541 1106 4606 Brizio
1131 4541 1248 4607 dullart.
1272 4539 1437 4608 161616.
1464 4543 1545 4606 1873
1567 4560 1596 4623 p.
1610 4541 1649 4606 77
1674 4542 1705 4606 et
1727 4537 1813 4603 Sulla
1841 4543 1979 4619 cooperte
2000 4537 2123 4602 archeo-

327 4646 444 4731 lopr'che
471 4648 554 4713 della
583 4649 659 4713 61111
680 4669 697 4712 6
716 4651 883 4730 procherio
911 4651 945 4716 di
965 4649 1068 4715 Romu
1095 4650 1180 4735 neylr'
1209 4654 1288 4716 anui
1309 4651 1474 4717 1871-72
1496 4670 1526 4734 p.
1541 4651 1618 4716 117:
1656 4643 1742 4714 ‘aut’
1762 4647 1933 4714 archicolto
2047 4665 2124 4712 sono

325 4775 445 4822 666616
464 4757 601 4839 figurate
622 4757 682 4822 due
705 4759 783 4840 11961
807 4757 880 4841 [ego
901 4758 1004 4824 leonas
1029 4758 1132 4824 nidere
1154 4760 1231 4825 mihi
1252 4761 1395 4842 uidebar]
1421 4759 1497 4825 66116
1514 4759 1603 4841 sauci
1625 4764 1732 4841 operte
1753 4781 1769 4823 6
1789 4757 1865 4823 colle
1878 4775 1990 4838 aorupe
2003 4775 2123 4838 oppop-

323 4865 408 4948 91616
428 4865 472 4931 od
492 4865 546 4930 un’
567 4887 628 4931 ora
650 4867 684 4931 di
701 4866 807 4947 formo
830 4867 985 4946 11666666,
1010 4867 1283 4952 cherussomipb‘u
1304 4869 1411 4934 6166
1433 4857 1597 4948 captrdto'.
1632 4867 1781 4950 panthera
1804 4865 1905 4930 colore
1927 4864 1990 4930 iore
2012 4865 2123 4929 ueneto

325 4973 457 5038 maculis
478 4975 580 5039 rubris
603 4974 752 5040 distincto
775 4995 810 5040 er
832 4979 964 5060 utroque
985 4979 1101 5062 angulo
1123 4979 1278 5060 procurrit
1300 4979 1332 5042 in
1353 4977 1430 5042 cella
1453 4976 1630 5042 moribundi
1653 4993 1732 5058 quae
1753 4973 1888 5048 dIcitur3
1911 4973 2033 5038 casdem
2058 4971 2123 5037 nidi

324 5081 357 5146 in
379 5081 458 5148 cella
480 5101 560 5165 quae
581 5083 684 5148 tomba
697 5083 877 5150 Franceooa
897 5089 955 5150 aut
973 5085 1052 5151 detto
1072 5087 1133 5152 due
1152 5087 1242 5171 tiphe
1262 5087 1377 5153 dicitnr
1398 5085 1554 5167 (maculae
1576 5083 1649 5167 pelli
1671 5083 1838 5166 pantherae
1859 5099 2000 5165 aspersae
2022 5082 2123 5147 coloro

325 5191 502 5258 obscuriore
522 5194 627 5274 sunt);
650 5195 807 5275 practerea
829 5194 863 5259 in
883 5201 990 5278 protto
1012 5195 1175 5276 Quercr'oto
1201 5196 1239 5261 61.
1260 5215 1343 5262 mou.
1365 5193 1436 5260 dotl’
1459 5197 1533 5260 1661.
1557 5194 1573 5258 I
1594 5195 1618 5256 1.
1630 5191 1772 5256 XXXIII
1792 5211 1872 5256 mus.
1895 5195 1951 5255 etr.
1971 5189 1985 5253 I
2009 5187 2121 5255 tUIV.

325 5299 374 5365 Ieo
397 5317 467 5364 curn
490 5301 633 5366 columba
656 5302 799 5385 iungitur
818 5323 896 5370 mue.
918 5309 972 5369 etr.
993 5303 1009 5368 I
1031 5305 1055 5369 t.
1068 5303 1180 5388 XCIX,
1203 5305 1241 5372 de
1260 5303 1402 5388 delphine
1423 5304 1531 5369 addito
1552 5302 1615 5367 diri
1639 5319 1666 5384 p.
1684 5303 1702 5366 7
1724 5303 1796 5368 adn.

426 5409 751 5490 41166616111661.
776 5411 974 5478 ItXXXII
1015 5433 1093 5479 mur.
1118 5414 1337 5481 etr‚1t.CII.

428 5519 461 5601 5)
484 5519 629 5602 primitus
650 5519 682 5585 in
703 5521 805 5587 medio
823 5523 974 5606 tympano
997 5523 1063 5589 sine
1082 5523 1177 5589 dubio
1205 5523 1284 5590 illud
1306 5523 1522 5589 ornamentum
1546 5521 1717 5604 ponebatur
1738 5520 1820 5604 quod
1841 5520 1977 5604 Assyriis
1998 5534 2121 5583 sacrum

1803 5630 1819 5682 6

654 5774 681 5842 s
